%% Created for Timothy Daly at 2012-03-10 06:07:15 -0500 
%% Saved with string encoding Unicode (UTF-8) 

@book{REF-Pea56,
	Author = {T. Pearcey},
	Date-Added = {2012-03-10 06:06:24 -0500},
	Date-Modified = {2012-03-10 06:07:06 -0500},
	Publisher = {Cambridge University Press},
	Title = {Table of the Fresnel Integral},
	Year = {1956}}

@book{REF-Luk269,
	Author = {Yudell L. Luke},
	Date-Added = {2012-03-10 05:54:57 -0500},
	Date-Modified = {2012-03-10 06:06:12 -0500},
	Keywords = {ISBN 012459901X},
	Publisher = {Academic Press},
	Series = {Mathematics in Science and Engineering},
	Title = {The Special Functions and their Approximations - V2},
	Volume = {53},
	Year = {1969}}

@book{REF-Luk169,
	Author = {Yudell L. Luke},
	Date-Added = {2012-03-10 05:50:20 -0500},
	Date-Modified = {2012-03-10 06:06:04 -0500},
	Keywords = {ISBN 012459901X},
	Publisher = {Academic Press},
	Series = {Mathematics in Science and Engineering},
	Title = {The Special Functions and their Approximations - V1},
	Volume = {53},
	Year = {1969}}

@book{REF-Los60,
	Author = {Friedrich L\"osch},
	Date-Added = {2012-03-10 05:47:54 -0500},
	Date-Modified = {2012-03-10 05:49:10 -0500},
	Keywords = {QA55.J3 1960},
	Publisher = {McGraw-Hill Book Company},
	Title = {Tables of Higher Functions},
	Year = {1960}}

@misc{REF-DA98,
	Author = {Stephane Dalmas, Olivier Arsac},
	Date-Added = {2012-03-10 05:43:55 -0500},
	Date-Modified = {2012-03-10 05:44:59 -0500},
	Howpublished = {Project SAFIR, INRIA Antipolis},
	Month = {November 25},
	Title = {The INRIA OpenMath Library},
	Year = {1998}}

@misc{REF-We71,
	Author = {Andr\'e Weil},
	Date-Added = {2012-03-10 05:42:53 -0500},
	Date-Modified = {2012-03-10 05:43:47 -0500},
	Howpublished = {Hermann, Paris},
	Title = {Courbes alg\'ebriques et vari\'et\'es},
	Year = {1971}}

@inproceedings{REF-Yu76,
	Address = {New York, NY 10036 USA},
	Author = {David Y. Y. Yun},
	Booktitle = {Symposium on Symbolic and Algebraic Compution},
	Date-Added = {2012-03-10 05:40:42 -0500},
	Date-Modified = {2012-03-10 05:42:08 -0500},
	Editor = {Richard D. Jenks},
	Keywords = {LCCN QS155.7.EA.A15 1976 QA9.58.A11 1976},
	Organization = {Association for Computing Machinery},
	Pages = {26-35},
	Publisher = {ACM Press},
	Title = {On square-free decomposition algorithms},
	Year = {1976}}

@inproceedings{REF-RF94,
	Address = {New York, NY 10036 USA},
	Author = {Dan Richardson, John Fitch},
	Booktitle = {International Symposium on Symbolic and Algebraic Computation},
	Date-Added = {2012-03-10 05:38:35 -0500},
	Date-Modified = {2012-03-10 05:40:07 -0500},
	Keywords = {ISBN 0-89791-638-7 LCCN QA76.95.I59 1994},
	Organization = {Association for Computing Machinery},
	Pages = {285-290},
	Publisher = {ACM Press},
	Title = {The identity problem for elementary functions and constants},
	Year = {1994}}

@inproceedings{REF-Pra73,
	Address = {\verb|hall.org.ua/halls/wizzard/pdf/Vaughn.Pratt.TDOP.pdf|},
	Author = {Vaughan R. Pratt},
	Booktitle = {POPL73 Proceedings of the 1st annual ACM SIGACT-SIGPLAN symposium on Principles of programming languages},
	Date-Added = {2012-03-10 05:36:24 -0500},
	Date-Modified = {2012-03-10 05:37:52 -0500},
	Title = {Top down operator precedence},
	Year = {1973}}

@inproceedings{REF-HI96,
	Author = {M. D. Huang and D. Ierardi},
	Booktitle = {Proceedings 32nd Annual Symposium on Foundations of Computer Sciences},
	Date-Added = {2012-03-10 05:34:10 -0500},
	Date-Modified = {2012-03-10 05:36:12 -0500},
	Organization = {IEEE Computer Society },
	Pages = {678-687},
	Publisher = {IEEE Computer Society Press},
	Title = {Efficient algorithms for Riemann-Roch problem and for addition in the jacobian of a curve},
	Year = {1996}}

@article{REF-Her1972,
	Author = {E. Hermite},
	Date-Added = {2012-03-10 05:32:45 -0500},
	Date-Modified = {2012-03-10 05:33:48 -0500},
	Journal = {Nouvelles Annales de Math\'ematiques},
	Pages = {145-148},
	Title = {Sur L'int\'egration des fractions rationelles},
	Volume = {11},
	Year = {1872}}

@article{REF-Mal72
	Author = {Malcolm, M. A.},
	Date-Added = {2012-04-22 05:32:45 -0500},
	Date-Modified = {2012-04-22 05:33:48 -0500},
	Journal = {Communcations of the ACM},
	Pages = {949-951},
	Title = {Algorithms to reveal properties of 
floating-point arithmetic},
	Volume = {15},
	Year = {1972}}

@article{REF-GM74
	Author = {Gentleman, W. M. and Marovich S. B.},
	Date-Added = {2012-04-22 05:32:45 -0500},
	Date-Modified = {2012-04-22 05:33:48 -0500},
	Journal = {Communcations of the ACM},
	Pages = {276-277},
	Title = {More on algorithms 
that reveal properties of floating point arithmetic units},
	Volume = {17},
	Year = {1974}}

@article{REF-BBM02a
	Author = {K. Braman, R. Byers and R. Mathias},
	Date-Added = {2012-04-22 05:32:45 -0500},
	Date-Modified = {2012-04-22 05:33:48 -0500},
	Journal = {SIAM Journal of Matrix Analysis},
	Pages = {929-947},
	Title = {The Multi-Shift QR
Algorithm Part I: Maintaining Well Focused Shifts, and Level 3
Performance},
	Volume = {23},
	Year = {2002}}

@article{REF-BBM02b
	Author = {K. Braman, R. Byers and R. Mathias},
	Date-Added = {2012-04-22 05:32:45 -0500},
	Date-Modified = {2012-04-22 05:33:48 -0500},
	Journal = {SIAM Journal of Matrix Analysis},
	Pages = {948-973},
	Title = {The Multi-Shift QR Algorithm Part II: 
Aggressive Early Deflation},
	Volume = {23},
	Year = {2002}}

@article{REF-QG06
	Author = {Gregorio Quintana-Orti and Robert van de Geijn},
	Date-Added = {2012-04-22 05:32:45 -0500},
	Date-Modified = {2012-04-22 05:33:48 -0500},
	Journal = {ACM Transactions on Mathematical Software},
	Pages = {180-194},
	Title = {Improving the performance of reduction to Hessenberg form},
	Volume = {32},
        Number = {2},
        Month = {June},
	Year = {2006}}

@article{REF-Hig88,
	Author = {N. J. Higham},
	Date-Added = {2012-04-22 05:32:45 -0500},
	Date-Modified = {2012-04-22 05:33:48 -0500},
	Journal = {ACM Trans. Math. Soft},
	Pages = {381-396},
	Title = {FORTRAN codes for estimating the one-norm of a
real or complex matrix, with applications to condition estimation},
	Volume = {14},
	Number = {4},
        Month = {December},
	Year = {1988}}

@inproceedings{REF-Fl09,
	Address = {Aston Triangle, Birmingham B4 7 ET, U.K.},
	Author = {John P. Fletcher},
	Booktitle = {Chemical Engineering and Applied Chemistry},
	Date-Added = {2012-03-10 05:30:06 -0500},
	Date-Modified = {2012-03-10 05:32:28 -0500},
	Keywords = {\verb|www.ceac.aston.ac.uk/research/staff/jpf/papers/paper24/index.php|},
	Organization = {Aston University},
	Title = {Clifford Numbers and their inverses calculated using the matrix representation},
	Year = {2009}}

@inproceedings{REF-Bro91,
	Address = {New York, NY 10036 USA},
	Author = {Manuel Bronstein},
	Booktitle = {International Symposium on Symbolic and Algebraic Computation},
	Date-Added = {2012-03-10 05:28:18 -0500},
	Date-Modified = {2012-03-10 05:29:37 -0500},
	Editor = {Stephen M. Watt},
	Keywords = {ISBN 0-89791-437-6 LCCN QA76.95.I59 1991},
	Month = {July 15-17},
	Organization = {Association for Computing Machinery},
	Publisher = {ACM Press},
	Title = {The Risch differential equation on an algebraic curve},
	Year = {1991}}

@article{REF-Ris70,
	Author = {Robert Risch},
	Date-Added = {2012-03-10 05:26:15 -0500},
	Date-Modified = {2012-03-10 05:27:04 -0500},
	Journal = {Transactions of the American Mathematical Society},
	Pages = {605-608},
	Title = {The solution of problem of integration in finite terms},
	Volume = {76},
	Year = {1970}}

@article{REF-Ris69b,
	Author = {Robert Risch},
	Date-Added = {2012-03-10 05:25:04 -0500},
	Date-Modified = {2012-03-10 05:26:08 -0500},
	Journal = {Transactions of the American Mathematical Society},
	Pages = {167-189},
	Title = {The problem of integration in finite terms},
	Volume = {139},
	Year = {1969}}

@techreport{REF-Ris88,
	Author = {Robert Risch},
	Date-Added = {2012-03-10 05:23:40 -0500},
	Date-Modified = {2012-03-10 05:24:46 -0500},
	Institution = {System Development Corporation},
	Number = {SP-2801/002/00},
	Title = {On the integration of elementary functions which are built up using algebraic operations},
	Type = {Research Report},
	Year = {1968}}

@misc{REF-Ri10,
	Author = {Albert D. Rich},
	Date-Added = {2012-03-10 05:22:15 -0500},
	Date-Modified = {2012-03-10 05:22:50 -0500},
	Howpublished = {\verb|www.apmaths.uwo.ca/~arich|},
	Title = {Rule-based Mathematics}}

@misc{REF-Ra03,
	Date-Added = {2012-03-10 05:21:33 -0500},
	Date-Modified = {2012-03-10 05:22:08 -0500},
	Howpublished = {\verb|www.eecs.harvard.edu/~nr/noweb|},
	Title = {Noweb -- A Simple, Extensible Tool for Literate Programming}}

@misc{REF-Pu09,
	Author = {Puffinware LLC},
	Date-Added = {2012-03-10 05:20:38 -0500},
	Date-Modified = {2012-03-10 05:21:23 -0500},
	Howpublished = {\verb|www.puffinwarellc.com/p3a.html|},
	Title = {Singular Value Decomposition (SVD) Tutorial}}

@book{REF-PTVF95,
	Author = {William H. Press, Saul A. Teukolsky, William T. Vetterling, Brian P. Flannery},
	Date-Added = {2012-03-10 05:16:32 -0500},
	Date-Modified = {2012-03-10 05:20:26 -0500},
	Keywords = {ISBN 0-521-43108-5},
	Publisher = {Cambridge University Press},
	Title = {Numerical Recipes in C},
	Year = {1995}}

@article{REF-PM95,
	Author = {David Lorge Parnas, Jan Madey},
	Date-Added = {2012-03-10 05:15:15 -0500},
	Date-Modified = {2012-03-10 05:16:11 -0500},
	Journal = {Science of Computer Programming},
	Month = {October},
	Number = {1},
	Pages = {41-61},
	Title = {Functional Documents for Computer Systems},
	Volume = {25},
	Year = {1995}}

@article{REF-PJ10,
	Author = {David Lorge Parnas, Ying Jin},
	Date-Added = {2012-03-10 05:13:55 -0500},
	Date-Modified = {2012-03-10 05:15:05 -0500},
	Journal = {Science of Computer Programming},
	Keywords = {Elsevier},
	Number = {11},
	Pages = {980-1000},
	Title = {Defining the meaning of tabular mathematical expressions},
	Volume = {75},
	Year = {2010}}

@article{REF-Ost1845,
	Author = {M. W. Ostrogradsky},
	Date-Added = {2012-03-10 04:50:07 -0500},
	Date-Modified = {2012-03-10 05:13:45 -0500},
	Journal = {Bulletin de Classe Physico-Math\'ematiques de L'Acad\'emie Imp\'eriale des Sciences de St. P\'etersbourg},
	Number = {145-167},
	Pages = {286-300},
	Title = {De l'int\'egration des fractions rationelles},
	Volume = {IV},
	Year = {1845}}

@misc{REF-OpenM,
	Date-Added = {2012-03-10 04:48:30 -0500},
	Date-Modified = {2012-03-10 04:48:55 -0500},
	Howpublished = {\verb|www.openmath.org/overview/technical.html|},
	Title = {OpenMath Technical Overview}}

@book{REF-NIST10,
	Date-Added = {2012-03-10 04:46:43 -0500},
	Date-Modified = {2012-03-10 04:48:23 -0500},
	Editor = {Frank W. Olver, Daniel W. Lozier, Ronald F. Boisvert, Charles W. Clark},
	Keywords = {ISBN 978-0-521-19225-5},
	Publisher = {Cambridge University Press},
	Title = {NIST Handbook of Mathematical Functions},
	Year = {2010}}

@article{REF-Mul97,
	Author = {Thom Mulders},
	Date-Added = {2012-03-10 04:45:19 -0500},
	Date-Modified = {2012-03-10 04:46:31 -0500},
	Journal = {Journal of Symbolic Computation},
	Number = {1},
	Pages = {45-50},
	Title = {A note on subresultants and a correction to the lazard/rioboo/trager formula in rational function integration},
	Volume = {24},
	Year = {1997}}

@article{REF-Mie00,
	Author = {Klaus D. Mielenz},
	Date-Added = {2012-03-10 04:44:14 -0500},
	Date-Modified = {2012-03-10 04:45:08 -0500},
	Journal = {Journal of Research (NIST)},
	Month = {July-August},
	Number = {4},
	Pages = {589-590},
	Title = {Computation of Fresnel Integrals II},
	Volume = {105},
	Year = {2000}}

@article{REF-Mie97,
	Author = {Klaus D. Mielenz},
	Date-Added = {2012-03-10 04:42:35 -0500},
	Date-Modified = {2012-03-10 04:44:02 -0500},
	Journal = {Journal of Research (NIST)},
	Month = {May-June},
	Number = {3},
	Pages = {363-365},
	Title = {Computation of Fresnel Integrals},
	Volume = {102},
	Year = {1997}}

@misc{REF-Mar07,
	Author = {U. Marshak},
	Date-Added = {2012-03-10 04:41:17 -0500},
	Date-Modified = {2012-03-10 04:42:15 -0500},
	Howpublished = {\verb|common-lisp.net/project/ht-ajax/ht-ajax.html|},
	Title = {HT-AJAX - AJAX framework for Hunchentoot},
	Year = {2007}}

@misc{REF-LTW10,
	Author = {Timothy Daly},
	Date-Added = {2012-03-10 04:40:01 -0500},
	Date-Modified = {2012-03-10 04:40:56 -0500},
	Howpublished = {\verb|lambda-the-ultimate.org/node/3663#comment-62440|},
	Title = {Lambda the Ultimate}}

@misc{REF-Loe09,
	Author = {Martin Loetzsch},
	Date-Added = {2012-03-10 04:39:04 -0500},
	Date-Modified = {2012-03-10 04:39:53 -0500},
	Howpublished = {\verb|martin-loetzsch.de/gtfl|},
	Title = {GTFL - A graphical terminal for Lisp}}

@article{REF-Lio1933b,
	Author = {Joseph Liouville},
	Date-Added = {2012-03-10 04:37:27 -0500},
	Date-Modified = {2012-03-10 04:38:31 -0500},
	Journal = {Journal de l'Ecole Polytechnique},
	Pages = {149-193},
	Title = {Second m\'emoire sur la d\'etermination des int\'egrales dont la valeur est alg\'ebraique},
	Volume = {14},
	Year = {1833}}

@article{REF-Lio1833a,
	Author = {Joseph Liouville},
	Date-Added = {2012-03-10 04:35:41 -0500},
	Date-Modified = {2012-03-10 04:37:21 -0500},
	Journal = {Journal de l'Ecole Polytechnique},
	Pages = {124-148},
	Title = {Premier m\'emoire sur la d\'etermination des int\'egrales dont la valeur est alg\'ebrique},
	Volume = {14},
	Year = {1833}}

@book{REF-LMW79,
	Author = {Richard C. Linger, Harlan D. Mills, Bernard I. Witt},
	Date-Added = {2012-03-10 04:33:40 -0500},
	Date-Modified = {2012-03-10 04:35:04 -0500},
	Keywords = {ISBN 0201144611},
	Month = {March},
	Publisher = {Addison-Wesley Publishing},
	Title = {Structured Programming: Theory and Practice},
	Year = {1979}}

@article{REF-LR90,
	Author = {Daniel Lazard, Renaud Rioboo},
	Date-Added = {2012-03-10 04:32:42 -0500},
	Date-Modified = {2012-03-10 04:33:31 -0500},
	Journal = {Journal of Symbolic Computation},
	Pages = {113-116},
	Title = {Integration of rational functions: Ration computation of the logarithmic part},
	Volume = {9},
	Year = {1990}}

@article{REF-LR88,
	Author = {D. Le Brigand, J. J. Risler},
	Date-Added = {2012-03-10 04:31:24 -0500},
	Date-Modified = {2012-03-10 04:32:33 -0500},
	Journal = {Bulletin of the Society of Mathematics},
	Pages = {231-253},
	Title = {Algorithme de Brill-Noether et codes de Goppa},
	Volume = {116},
	Year = {1988}}

@book{REF-La86,
	Author = {Leslie Lamport},
	Date-Added = {2012-03-10 04:30:19 -0500},
	Date-Modified = {2012-03-10 04:31:09 -0500},
	Keywords = {ISBN 0-201-15790-X},
	Publisher = {Addison-Wesley Publishing},
	Title = {A Document Preparation System},
	Year = {1986}}

@book{REF-Kn92,
	Address = {Stanford CA},
	Author = {Donald E. Knuth},
	Date-Added = {2012-03-10 04:29:15 -0500},
	Date-Modified = {2012-03-10 04:30:13 -0500},
	Keywords = {ISBN 0-937073-81-4},
	Publisher = {Center for the Study of Language and Information},
	Title = {Literate Programming},
	Year = {1992}}

@book{REF-Knu84,
	Author = {Donald Knuth},
	Date-Added = {2012-03-10 04:28:13 -0500},
	Date-Modified = {2012-03-10 04:29:07 -0500},
	Keywords = {ISBN 0-201-13448-9},
	Publisher = {Addison-Wesley Publishing},
	Title = {The \TeX{}book},
	Year = {1984}}

@book{REF-KMJ00,
	Author = {Matt Kaufmann, Panagiotis Manolios, J Strother Moore},
	Date-Added = {2012-03-10 04:26:41 -0500},
	Date-Modified = {2012-03-10 04:28:05 -0500},
	Keywords = {ISBN 0792377443},
	Month = {July},
	Publisher = {Springer},
	Title = {Computer-Aided Reasoning: An Approach},
	Year = {2000}}

@book{REF-Je04,
	Author = {Alan Jeffrey},
	Date-Added = {2012-03-10 04:25:04 -0500},
	Date-Modified = {2012-03-10 04:26:33 -0500},
	Keywords = {ISBN 0-12-382256-4},
	Publisher = {Elsevier Academic Press},
	Title = {Handbook of Mathematical Formulas and Integrals},
	Year = {2004}}

@book{REF-Hou81,
	Author = {Alston S. Householder},
	Date-Added = {2012-03-10 04:23:44 -0500},
	Date-Modified = {2012-03-10 04:24:56 -0500},
	Keywords = {ISBN 0-486-45312-X},
	Publisher = {Dover Publications},
	Title = {Principles of Numerical Analysis},
	Year = {1981}}

@article{REF-HL95,
	Author = {G. Hach\'e and D. Le Brigand},
	Date-Added = {2012-03-10 04:21:41 -0500},
	Date-Modified = {2012-03-10 04:23:33 -0500},
	Journal = {IEEE Transaction on Information Theory},
	Month = {November},
	Number = {27-6},
	Pages = {1615-1628},
	Title = {Effective construction of algebraic geometry codes},
	Volume = {41},
	Year = {1995}}

@book{REF-HIg02,
	Author = {Nicholas J. Higham},
	Date-Added = {2012-03-10 04:20:10 -0500},
	Date-Modified = {2012-03-10 04:21:22 -0500},
	Keywords = {ISBN 0-9871-521-0},
	Publisher = {SAIM},
	Title = {Accuracy and stability of numerical algorithms},
	Year = {2002}}

@phdthesis{REF-Ha96,
	Author = {G. Hach\'e},
	Date-Added = {2012-03-10 04:18:41 -0500},
	Date-Modified = {2012-03-10 04:19:41 -0500},
	Month = {September},
	School = {Universit\'e Pierre et Marie Curie (Paris 6)},
	Title = {Construction effective des codes g\'eom\'etriques},
	Year = {1995}}

@article{REF-Ha95,
	Author = {G. Hach\'e},
	Date-Added = {2012-03-10 04:17:17 -0500},
	Date-Modified = {2012-03-10 04:18:22 -0500},
	Journal = {Lecture Notes in Computer Science},
	Pages = {262-278},
	Title = {Computation in algebraic function fields for effective construction of algebraic-geometric codes},
	Volume = {948},
	Year = {1995}}

@article{REF-Ga95,
	Author = {A. Garcia, H. Stichtenoth},
	Date-Added = {2012-03-10 04:15:52 -0500},
	Date-Modified = {2012-03-10 04:17:08 -0500},
	Journal = {Invent. Math.},
	Pages = {211-222},
	Title = {A tower of Artin-Schreier extensions of function fields attaining the Drinfeld-Vladut bound},
	Volume = {121},
	Year = {1995}}

@inproceedings{REF-Fl01,
	Author = {John P. Fletcher},
	Booktitle = {AGACSE},
	Date-Added = {2012-03-10 04:14:28 -0500},
	Date-Modified = {2012-03-10 04:15:27 -0500},
	Keywords = {Paper 25},
	Title = {Symbolic processing of Clifford Numbers in C++},
	Year = {2001}}

@techreport{REF-Bro98,
	Author = {Manuel Bronstein},
	Date-Added = {2012-03-10 04:13:17 -0500},
	Date-Modified = {2012-03-10 04:14:15 -0500},
	Institution = {INRIA},
	Number = {RR-3562},
	Title = {The lazy hermite reduction},
	Type = {Research Report},
	Year = {1998}}

@book{REF-Bro97,
	Address = {Heidelberg, Germany},
	Author = {Manuel Bronstein},
	Date-Added = {2012-03-10 04:11:45 -0500},
	Date-Modified = {2012-03-10 04:13:03 -0500},
	Keywords = {ISBN 3-540-21493-3},
	Publisher = {Springer-Verlag},
	Title = {Symbolic Integration I -- Transcendental Functions},
	Year = {1997}}

@techreport{REF-Ris69a,
	Address = {Yorktown Heights, NY},
	Author = {Robert Risch},
	Date-Added = {2012-03-09 11:19:47 -0500},
	Date-Modified = {2012-03-09 11:20:54 -0500},
	Institution = {IBM Thomas J. Watson Research Center},
	Number = {RC-2042},
	Title = {Further results on elementary functions},
	Type = {Research Report},
	Year = {1969}}

@article{REF-Ris79,
	Author = {Robert Risch},
	Date-Added = {2012-03-09 05:28:19 -0500},
	Date-Modified = {2012-03-09 05:29:03 -0500},
	Journal = {American Journal of Mathematics},
	Pages = {743-759},
	Title = {Algebraic properties of the elementary functions of analysis},
	Volume = {101},
	Year = {1979}}

@article{REF-Ro72,
	Author = {Maxwell Rosenlicht},
	Date-Added = {2012-03-09 05:26:38 -0500},
	Date-Modified = {2012-03-09 05:27:56 -0500},
	Journal = {American Mathematical Monthly},
	Pages = {963-972},
	Title = {Integration in finite terms},
	Volume = {79},
	Year = {1972}}

@inproceedings{REF-Ro77,
	Author = {Michael Rothstein},
	Booktitle = {Proceedings of the 1977 MACSYMA Users Conference},
	Date-Added = {2012-03-09 05:25:10 -0500},
	Date-Modified = {2012-03-09 05:26:22 -0500},
	Pages = {263-274},
	Title = {A new algorithm for the integration of exponential and logarithmic functions},
	Volume = {NASA Pub CP-2012},
	Year = {1977}}

@book{REF-Ste90,
	Author = {Guy L. Steele},
	Date-Added = {2012-03-09 05:24:02 -0500},
	Date-Modified = {2012-03-09 05:24:55 -0500},
	Keywords = {ISBN 1-55558-041-6},
	Publisher = {Digital Press},
	Title = {Common Lisp The Language (2nd Edition)},
	Year = {1990}}

@book{REF-St93,
	Author = {Henning Stichtenoth},
	Date-Added = {2012-03-09 05:20:35 -0500},
	Date-Modified = {2012-03-09 05:23:16 -0500},
	Keywords = {ISBN 978-3-540-76877-7},
	Publisher = {Springer-Verlag},
	Series = {Graduate Texts in Mathematics},
	Title = {Algebraic Function Fields and Codes},
	Volume = {254},
	Year = {2008}}

@book{REF-Tait1890,
	Address = {\verb|www.archive.org/download/117770257/117770257.pdf|},
	Author = {Peter Guthrie Tait},
	Date-Added = {2012-03-09 05:16:26 -0500},
	Date-Modified = {2012-03-09 05:19:26 -0500},
	Keywords = {QA 257 T3 1890 MATH},
	Publisher = {Cambridge University Press},
	Title = {An elementary treatise on quaternions},
	Year = {1890}}

@article{REF-Tai96,
	Author = {Antero Taivalsaari},
	Date-Added = {2012-03-09 05:14:24 -0500},
	Date-Modified = {2012-03-09 05:15:15 -0500},
	Journal = {ACM Computing Surveys},
	Month = {September},
	Number = {3},
	Pages = {438-479},
	Title = {On the Notion of Inheritance},
	Volume = {28},
	Year = {1996}}

@article{REF-Tr76,
	Author = {Barry M. Trager},
	Date-Added = {2012-03-09 05:13:24 -0500},
	Date-Modified = {2012-03-09 05:14:15 -0500},
	Journal = {SYMSAC76},
	Pages = {219-226},
	Title = {Algebraic factoring and rational function integration},
	Year = {1976}}

@phdthesis{REF-Tr84,
	Author = {Barry M. Trager},
	Date-Added = {2012-03-09 05:12:24 -0500},
	Date-Modified = {2012-03-09 05:13:03 -0500},
	School = {MIT School of Computer Science},
	Title = {On the integration of algebraic functions},
	Year = {1984}}

@article{REF-vH94,
	Author = {M. van Hoeij},
	Date-Added = {2012-03-09 05:10:53 -0500},
	Date-Modified = {2012-03-09 05:12:16 -0500},
	Journal = {Journal of Symbolic Computation},
	Month = {October},
	Number = {4},
	Pages = {353-364},
	Title = {An algorithm for computing an integral basis in an algebraic function field},
	Volume = {18},
	Year = {1994}}

@misc{REF-Wa03,
	Author = {Stephen M. Watt},
	Date-Added = {2012-03-09 05:10:15 -0500},
	Date-Modified = {2012-03-09 05:10:41 -0500},
	Howpublished = {\verb|www.aldor.org|},
	Title = {Aldor},
	Year = {2003}}

@misc{REF-Wein,
	Author = {Eric W. Weisstein},
	Date-Added = {2012-03-09 05:09:17 -0500},
	Date-Modified = {2012-03-09 05:10:05 -0500},
	Howpublished = {\verb|mathworld.wolfram.com/HypergeometricFunction.html|},
	Title = {Hypergeometric Function}}

@misc{REF-Wei03,
	Author = {Edi Weitz},
	Date-Added = {2012-03-09 05:08:21 -0500},
	Date-Modified = {2012-03-09 05:09:01 -0500},
	Howpublished = {\verb|www.weitz.de/cl-who|},
	Title = {CL-WHO Yet another Lisp markup language},
	Year = {2003}}

@misc{REF-Wei06,
	Author = {Edi Weitz},
	Date-Added = {2012-03-09 05:07:30 -0500},
	Date-Modified = {2012-03-09 05:08:15 -0500},
	Howpublished = {\verb|www.weitz.de/hunchentoot|},
	Title = {HUNCHENTOOT - The Common Lisp web server}}

@misc{REF-Wo09,
	Date-Added = {2012-03-09 05:06:44 -0500},
	Date-Modified = {2012-03-09 05:07:18 -0500},
	Howpublished = {\verb|mathworld.wolfram.com/Quaternion.html|},
	Title = {Wolfram Research}}

@misc{REF-Ham04,
	Author = {S. Hamdy},
	Date-Added = {2012-03-09 05:04:43 -0500},
	Date-Modified = {2012-03-09 05:05:51 -0500},
	Howpublished = {\verb|www.cdc.informatik.tu-darmstadt.ed/TI/LiDIA|},
	Keywords = {Reference manual Edition 2.1.1},
	Month = {May},
	Title = {LiDIA A library for computational number theory},
	Year = {2004}}

@book{REF-Hal96,
	Author = {Arthur S. Hathaway},
	Date-Added = {2012-03-09 04:36:43 -0500},
	Date-Modified = {2012-03-09 04:58:54 -0500},
	Month = {February},
	Publisher = {\verb|www.gutenberg.org/dirs/etext06/pqtrn10p.pdf|},
	Title = {A Primer of Quaternions},
	Year = {2006}}

@book{REF-GC89,
	Author = {Gene H. Golub, Charles F. Van Loan},
	Date-Added = {2012-03-09 04:33:05 -0500},
	Date-Modified = {2012-03-09 04:34:57 -0500},
	Keywords = {ISBN 0-8018-3772-3},
	Publisher = {Johns Hopkins University Press},
	Title = {Matrix Computations},
	Year = {1989}}

@article{REF-Flo63,
	Author = {R. W. Floyd},
	Date-Added = {2012-03-09 04:31:02 -0500},
	Date-Modified = {2012-03-09 04:32:24 -0500},
	Journal = {Journal of the ACM},
	Number = {3},
	Pages = {316-333},
	Title = {Semantic Analysis and Operator Precedence},
	Volume = {10},
	Year = {1963}}

@book{REF-CS03,
	Author = {John H. Conway, Derek A. Smith},
	Date-Added = {2012-03-09 04:28:27 -0500},
	Date-Modified = {2012-03-09 04:30:34 -0500},
	Keywords = {ISBN 1-56881-134-9},
	Publisher = {A. K. Peters},
	Title = {On Quaternions and Octonions},
	Year = {2003}}

@article{REF-Bro90,
	Author = {Manuel Bronstein},
	Date-Added = {2012-03-09 04:24:24 -0500},
	Date-Modified = {2012-03-09 04:26:11 -0500},
	Journal = {Journal of Symbolic Computation},
	Month = {February},
	Number = {2},
	Pages = {117-173},
	Title = {On the integration of elementary functions},
	Volume = {9},
	Year = {1990}}

@misc{REF-Bro88,
	Author = {Manuel Bronstein},
	Date-Added = {2012-03-09 04:22:01 -0500},
	Date-Modified = {2012-03-09 04:22:53 -0500},
	Keywords = {ISSAC 1998 Rostock},
	Title = {Symbolic Integration Tutorial}}

@article{REF-Bro90,
	Author = {Manuel Bronstein},
	Date-Added = {2012-03-09 04:18:31 -0500},
	Date-Modified = {2012-03-09 04:21:10 -0500},
	Journal = {Journal of Symbolic Computation},
	Month = {September},
	Pages = {117-173},
	Title = {Integration of Elementary Functions},
	Volume = {9},
	Year = {1988}}

@techreport{REF-Bro88a,
	Address = {Yorktown Heights, NY},
	Author = {Manuel Bronstein},
	Date-Added = {2012-03-09 03:56:07 -0500},
	Date-Modified = {2012-03-09 04:17:45 -0500},
	Institution = {IBM Thomas J. Watson Research Center},
	Number = {RC13460},
	Title = {The Transcendental Risch Differential Equation},
	Type = {Research Report},
	Year = {1988}}

@article{REF-Bro88,
	Author = {Manuel Bronstein},
	Date-Added = {2012-03-09 03:53:59 -0500},
	Date-Modified = {2012-03-09 03:55:19 -0500},
	Journal = {Journal of Symbolic Computation},
	Month = {February},
	Pages = {49-60},
	Title = {The Transcendental Risch Differential Equation},
	Volume = {9},
	Year = {1990}}

@article{REF-Ber95,
	Author = {Bertrand Laurent},
	Date-Added = {2012-03-09 03:52:22 -0500},
	Date-Modified = {2012-03-09 03:53:45 -0500},
	Journal = {Applicable Algebra in Engineering, Communications and Computing},
	Pages = {275-298},
	Title = {Computing a hyperelliptic integral using arithmetic in the jacobian of the curve},
	Volume = {6},
	Year = {1995}}

@misc{REF-Ba10,
	Author = {Martin Baker},
	Date-Added = {2012-03-09 03:51:35 -0500},
	Date-Modified = {2012-03-09 03:52:05 -0500},
	Howpublished = {\verb|www.euclideanspace.com|},
	Title = {3D World Simulation}}

@book{REF-Alt05,
	Author = {Simon L. Altmann},
	Date-Added = {2012-03-09 03:50:35 -0500},
	Date-Modified = {2012-03-09 03:51:27 -0500},
	Keywords = {ISBN 0-486-44518-6},
	Publisher = {Dover Publications},
	Title = {Rotations, Quaternions, and Double Groups},
	Year = {2005}}

@book{REF-AS64,
	Address = {New York, NY 10036 USA},
	Author = {Milton Abramowitz, Irene A. Stegun},
	Date-Added = {2012-03-09 03:48:50 -0500},
	Date-Modified = {2012-03-09 03:50:24 -0500},
	Keywords = {ISBN 0-486-61272-4},
	Publisher = {Dover Publications},
	Title = {Handbook of Mathematical Functions},
	Year = {1964}}

@article{REF-Ab98,
	Author = {Rafal Ablamowicz},
	Date-Added = {2012-03-09 03:47:26 -0500},
	Date-Modified = {2012-03-09 03:48:36 -0500},
	Journal = {Computer Physics Communications},
	Month = {December 11},
	Number = {2-3},
	Pages = {510-535},
	Title = {Spinor Representations of Clifford Algebras: A Symbolic Approach},
	Volume = {115},
	Year = {1988}}

@inproceedings{Web93,
	Address = {Berlin, Germany},
	Author = {A. Weber},
	Booktitle = {Design and Implementation of Symbolic Computation Systems},
	Date-Added = {2012-03-09 03:44:12 -0500},
	Date-Modified = {2012-03-09 03:45:25 -0500},
	Editor = {A. Miola},
	Keywords = {ISBN 3-540-57235-X LCCN QA76.9.S88I576},
	Month = {September},
	Organization = {Springer-Verlag},
	Pages = {95-106},
	Publisher = {Springer-Verlag},
	Title = {On coherence in computer algebra},
	Year = {1993}}

@inproceedings{Sut85,
	Address = {Berlin, Germany},
	Author = {Robert S. Sutor},
	Booktitle = {European Conference on Computer Algebra},
	Date-Added = {2012-03-09 03:42:17 -0500},
	Date-Modified = {2012-03-09 03:43:52 -0500},
	Editor = {Bruno Buchberger, Bob F. Caviness},
	Keywords = {ISBN 0-387-15983-5 LLCN QA155.7.E4 E86 1985BC85v2},
	Month = {April 1-3},
	Organization = {Springer-Verlag},
	Pages = {32-33},
	Publisher = {Springer-Verlag},
	Title = {The Scratchpad II Computer Algebra Language and System},
	Volume = {Vol 1 of 2},
	Year = {1985}}

@inproceedings{SJ87a,
	Address = {New York, NY 10036 USA},
	Author = {Robert S. Sutor, Richard D. Jenks},
	Booktitle = {SIGPLAN 87 Symposium on Interpreter and Interpretive Techniques},
	Date-Added = {2012-03-09 03:39:58 -0500},
	Date-Modified = {2012-03-09 03:41:24 -0500},
	Editor = {Richard L. Wexelblat},
	Keywords = {ISBN 0-89791-235-7 LCCN QA76.7.S54},
	Month = {June 24-26},
	Number = {7},
	Organization = {Association for Computing Machinery},
	Pages = {56-63},
	Publisher = {ACM Press},
	Title = {The type inference and coercion facilities in the Scratchpad II interpreter},
	Volume = {22},
	Year = {1987}}

@inproceedings{Sit88,
	Address = {Berlin, Germany},
	Author = {William Y. Sit},
	Booktitle = {Applied Algebra, Algebraic Algorithms and Error-Correcting Codes},
	Date-Added = {2012-03-09 03:38:01 -0500},
	Date-Modified = {2012-03-09 03:39:30 -0500},
	Editor = {T. Mora},
	Keywords = {ISBN 3-540-51083-4 LCCN QA268.A35 1988},
	Number = {357},
	Organization = {Springer-Verlag},
	Publisher = {Springer-Verlag},
	Series = {Lecture Notes in Computer Science},
	Title = {On Goldman's algorithm for solving first-order multinomial autonomous systems},
	Year = {1988}}

@inproceedings{Sei94a,
	Address = {Karlsruhe, Germany},
	Author = {W. M. Seiler},
	Booktitle = {Rhine Workshop on Computer Algebra},
	Date-Added = {2012-03-09 03:36:32 -0500},
	Date-Modified = {2012-03-09 03:37:38 -0500},
	Editor = {J. Calmet},
	Organization = {Universit{\"a}t Karlsruhe},
	Publisher = {Universit{\"a}t Karlsruhe},
	Title = {Completion to involution in AXIOM},
	Year = {1994}}

@inproceedings{Pet93,
	Address = {Lille France},
	Author = {M. Petitot},
	Booktitle = {Internationa IMACS Symposium on Symbolic Computation},
	Date-Added = {2012-03-09 03:35:00 -0500},
	Date-Modified = {2012-03-09 03:36:07 -0500},
	Editor = {G. Jacob, N. E. Oussous, S. Steinberg},
	Organization = {LIFL University},
	Title = {Experience with Axiom},
	Year = {1993}}

@inbook{Yun83,
	Author = {David Y. Y. Yun},
	Chapter = {Computer Algebra and Complex Analysis},
	Date-Added = {2012-03-09 03:32:30 -0500},
	Date-Modified = {2012-03-09 03:34:30 -0500},
	Editor = {H. Werner},
	Number = {379-393},
	Publisher = {D. Reidel},
	Title = {Computational Aspects of Complex Analysis},
	Year = {1983}}

@inproceedings{Sch89,
	Address = {New York, NY 10036 USA},
	Author = {F. Schwarz},
	Booktitle = {International Symposium on Symbolic and Algebraic Computation},
	Date-Added = {2012-03-09 03:15:45 -0500},
	Date-Modified = {2012-03-09 03:31:56 -0500},
	Keywords = {ISBN 0-89791-325-6 LCCN QA76.95.I59 1989},
	Organization = {Association for Computing Machinery},
	Pages = {17-25},
	Publisher = {ACM Press},
	Title = {A factorization algorithm for linear ordinary differential equations},
	Year = {1989}}

@inproceedings{Oll89,
	Address = {New York, NY 10036 USA},
	Author = {F. Ollivier},
	Booktitle = {International Symposium on Symbolic and Algebraic Computation},
	Date-Added = {2012-03-09 03:11:55 -0500},
	Date-Modified = {2012-03-09 03:14:59 -0500},
	Keywords = {ISBN 0-89791-325-6 LCCN QA76.95.I59 1989},
	Organization = {Association for Computing Machinery},
	Pages = {43-54},
	Publisher = {ACM Press},
	Title = {Inversibility of rational mappings and structural identifiability in automatics},
	Year = {1989}}

@proceedings{Wex87,
	Address = {New York, NY 10036 USA},
	Date-Added = {2012-03-09 03:07:02 -0500},
	Date-Modified = {2012-03-09 03:10:08 -0500},
	Editor = {Richard L. Wexelblat},
	Keywords = {ISBN 0-89791-235-7 LCCN QA76.7.S54},
	Month = {June 24-26},
	Number = {7},
	Organization = {Association for Computing Machinery},
	Publisher = {ACM Press},
	Title = {SIGPLAN 87 Symposium on Interpreter and Interpretive Techniques},
	Volume = {22},
	Year = {1987}}

@article{Wan89,
	Author = {D. Wang},
	Date-Added = {2012-03-09 03:04:59 -0500},
	Date-Modified = {2012-03-09 03:06:24 -0500},
	Journal = {SIGSAM Bulletin},
	Keywords = {CODEN SIGSBZ ISSN 0163-5824},
	Month = {October},
	Number = {4},
	Pages = {25-31},
	Title = {A program for computing the Liapunov functions and Liapunov constants in Scratchpad II},
	Volume = {23},
	Year = {1989}}

@inproceedings{SSC92,
	Address = {\verb|iaks-www.ira.uka.de/iaks-calmet/werner/Papers/Acireale92.ps.gz|},
	Booktitle = {Advanced Analytical and Computational Methods in Mathematical Physics},
	Date-Added = {2012-03-09 02:59:56 -0500},
	Date-Modified = {2012-03-09 03:03:14 -0500},
	Editor = {N. Ibragimov, M. Torrisis, A. Valenti},
	Organization = {Kluwer},
	Pages = {337-344},
	Publisher = {Kluwer Academic Publishers},
	Series = {Modern Group Analysis},
	Title = {Algorithmic Methods For Lie Pseudogroups},
	Year = {1992}}

@inproceedings{Sme92,
	Address = {New York, NY 10036 USA},
	Author = {Trevor J. Smedley},
	Booktitle = {Applied Computing -- Technological Challenges for the 1990s},
	Date-Added = {2012-03-09 02:53:23 -0500},
	Date-Modified = {2012-03-09 02:57:02 -0500},
	Editor = {Hal Berghel},
	Keywords = {ISBN 0-89791-502-X LCCN QA76.76.A65.S95 1992},
	Month = {March 1-3},
	Pages = {1243-1247},
	Publisher = {ACM Press},
	Series = {Symposium on Applied Computing},
	Title = {Using pictorial and object oriented programming for computer algebra},
	Year = {1992}}

@mastersthesis{Sch92,
	Address = {Universit{\"a}t Karlsruhe},
	Author = {J. Sch\"u},
	Date-Added = {2012-03-09 02:50:08 -0500},
	Date-Modified = {2012-03-09 02:51:32 -0500},
	School = {Institut f\"ur Algorithmen und Kognitive Systeme},
	Title = {Implementing des Cartan-Kuranishi-Theorems in AXIOM},
	Year = {1992}}

@inproceedings{Roe95,
	Author = {K. G. Roesner},
	Booktitle = {Zeitschrift f\"ur Angewandte Mathematik und Physik},
	Date-Added = {2012-03-09 02:41:38 -0500},
	Date-Modified = {2012-03-09 02:43:48 -0500},
	Keywords = {S435-S438 ISSN 0044-2267},
	Number = {suppl. 2},
	Title = {Verified solutions for parameters of an exact solution for non-Newtonian liquids using computer algebra},
	Volume = {75},
	Year = {1995}}

@inproceedings{Pur86,
	Address = {New York, NY 10036 USA},
	Author = {J. Purtilo},
	Booktitle = {Symposium on Symbolic and Algebraic Compution},
	Date-Added = {2012-03-09 02:38:13 -0500},
	Date-Modified = {2012-03-09 02:40:18 -0500},
	Editor = {Bruce W. Char},
	Keywords = {ISBN 0-89791-199-7 LCCN QA155.7.E4.A281 1986 ACM Order Number 505860},
	Month = {July 21-23},
	Organization = {Association for Computing Machinery},
	Publisher = {ACM Press},
	Title = {Applications of a software interconnection system in mathematical problem solving environments},
	Year = {1986}}

@inproceedings{Pa07,
	Address = {New York, NY 10036 USA},
	Author = {William S. Page},
	Booktitle = {International Symposium on Symbolic and Algebraic Computation},
	Date-Added = {2012-03-09 02:29:14 -0500},
	Date-Modified = {2012-03-09 02:32:23 -0500},
	Month = {September},
	Number = {3},
	Organization = {Association for Computing Machinery},
	Pages = {114},
	Publisher = {ACM Press},
	Title = {Axiom- Open Source Computer Algebra System},
	Volume = {41},
	Year = {2007}}

@proceedings{Mor88,
	Address = {Berlin, Germany},
	Date-Added = {2012-03-09 02:26:00 -0500},
	Date-Modified = {2012-03-09 02:28:03 -0500},
	Editor = {T. Mora},
	Keywords = {ISBN 3-540-51083-4 LCCN QA268.A35 1988},
	Organization = {Springer-Verlag},
	Publisher = {Springer-Verlag},
	Title = {Applied Algebra, Algebraic Algorithms and Error-Correcting Codes},
	Volume = {357 of Lecture Notes in Computer Science},
	Year = {1988}}

@inproceedings{Mon93,
	Address = {Berlin, Germany},
	Author = {Michael B. Monagan},
	Booktitle = {Design and Implementation of Symbolic Computation Systems},
	Date-Added = {2012-03-09 02:19:24 -0500},
	Date-Modified = {2012-03-09 02:21:55 -0500},
	Editor = {A. Miola},
	Keywords = {ISBN 3-540-57235-X LCCN QA76.9.S88I576},
	Month = {September},
	Organization = {Springer-Verlag},
	Pages = {81-94},
	Publisher = {Springer-Verlag},
	Title = {Gauss: a parameterized domain of computation system with support for signature functions},
	Year = {1993}}

@proceedings{Mio93,
	Address = {Berlin, Germany},
	Date-Added = {2012-03-09 02:16:26 -0500},
	Date-Modified = {2012-03-09 02:18:49 -0500},
	Editor = {A. Miola},
	Keywords = {ISBN 3-540-57235-X LCCN QA76.9.S88I576},
	Month = {September},
	Organization = {Springer-Verlag},
	Publisher = {Springer-Verlag},
	Title = {Design and Implementation of Symbolic Computation Systems},
	Year = {1993}}

@inproceedings{Mah05,
	Author = {Assia Mahboubi},
	Booktitle = {Mathematics, Algorithms, Proofs},
	Date-Added = {2012-03-09 02:04:08 -0500},
	Date-Modified = {2012-03-09 02:09:41 -0500},
	Publisher = {Schloss Dagstuhl},
	Series = {Dagstuhl Seminar Proceedings},
	Title = {Programming and certifying the CAD algorithm inside the COQ system},
	Volume = {05021},
	Year = {2005}}

@mastersthesis{Lue77,
	Address = {Braunschweig, Germany},
	Author = {E. Lueken},
	Date-Added = {2012-03-09 02:00:13 -0500},
	Date-Modified = {2012-03-09 02:01:49 -0500},
	School = {Technischen Universit\"at Carolo-Wilhelmina zu Branuschweig},
	Title = {Ueberlegungen zur Implementierung eines Formelmanipulationsystems},
	Year = {1977}}

@inproceedings{Luc86,
	Address = {New York, NY 10036 USA},
	Author = {Michael Lucks},
	Booktitle = {Symposium on Symbolic and Algebraic Compution},
	Date-Added = {2012-03-09 01:56:15 -0500},
	Date-Modified = {2012-03-09 01:59:31 -0500},
	Editor = {Bruce W. Char},
	Keywords = {ISBN 0-89791-199-7 LCCN QA155.7.E4.A281 1986 ACM Order Number 505860},
	Month = {July 21-23},
	Organization = {Association for Computing Machinery},
	Pages = {21-23},
	Publisher = {ACM Press},
	Title = {A fast implementation of polynomial factorization},
	Volume = {SYMSAC86},
	Year = {1986}}

@inproceedings{LM06,
	Address = {\verb|www.csd.uwo.ca/~moreno/Publications/Li-MorenoMaza-ICMS-06.pdf|},
	Author = {Xin Li, Moreno Maza},
	Booktitle = {International Congress of Mathematical Software},
	Date-Added = {2012-03-08 15:50:10 -0500},
	Date-Modified = {2012-03-08 15:55:17 -0500},
	Keywords = {ISBN 978-3-540-38084-9},
	Organization = {Springer-Verlag},
	Pages = {12-23},
	Publisher = {Springer-Verlag},
	Series = {Lecture Notes in Computer Science},
	Title = {Efficient Implementation of Polynomial Arithmetic in a Multiple-Level Programming Environment},
	Volume = {4151},
	Year = {2006}}

@article{Mat89,
	Author = {J. Mathews},
	Date-Added = {2012-03-08 15:47:09 -0500},
	Date-Modified = {2012-03-08 15:48:59 -0500},
	Journal = {Mathematics and Computer Education},
	Keywords = {CODEN MCEDDA ISSN 0730-8639},
	Month = {Spring},
	Number = {2},
	Pages = {117-122},
	Title = {Symbolic computational algebra applied to Picard iteration},
	Volume = {23},
	Year = {1989}}

@article{REF-SDDD12,
	Author = {Eric Schulte, Dan Davis, Thomas Dye, Carsten Dominik},
	Date-Added = {2012-03-26 15:47:09 -0500},
	Date-Modified = {2012-03-26 15:48:59 -0500},
	Journal = {Journal of Statistical Software},
	Keywords = {http://www.jstatsoft.org/v46/i03/paper},
	Month = {January},
	Number = {3},
	Title = {A Multi-Language Computing Environment for Literate Programming and ReproducibleResearch},
	Volume = {46},
	Year = {2012}}

@article{MR90,
	Author = {E. Melachrinoudis, D. L. Rumpf},
	Date-Added = {2012-03-08 15:44:31 -0500},
	Date-Modified = {2012-03-08 15:46:49 -0500},
	Journal = {CoED},
	Keywords = {CODEN CWLJDP ISSN 0736-8607},
	Month = {January-March},
	Number = {1},
	Pages = {71-76},
	Title = {Teaching advantages of transparent computer software -- MathCAD},
	Volume = {10},
	Year = {1990}}

@article{Sal91,
	Author = {B. Salvy},
	Date-Added = {2012-03-08 15:41:29 -0500},
	Date-Modified = {2012-03-08 15:42:44 -0500},
	Journal = {SIGSAM Bulletin},
	Keywords = {CODEN SIGSBZ ISSN 0163-5824},
	Month = {April},
	Number = {2},
	Pages = {4-17},
	Title = {Examples of automatic asymptotic expansions},
	Volume = {25},
	Year = {1991}}

@article{Sch91,
	Author = {F. Schwarz},
	Date-Added = {2012-03-08 15:40:00 -0500},
	Date-Modified = {2012-03-08 15:41:18 -0500},
	Journal = {SIGSAM Bulletin},
	Keywords = {CODEN SIGSBZ ISSN 0163-5824},
	Month = {January},
	Pages = {10-23},
	Title = {Monomial orderings and Gr\"obner bases},
	Year = {1991}}

@article{Sie94b,
	Author = {W. M. Seiler},
	Date-Added = {2012-03-08 15:37:18 -0500},
	Date-Modified = {2012-03-08 15:39:28 -0500},
	Journal = {Computer Physics Communications},
	Keywords = {CODEN CPHCBZ ISSN 0010-4655},
	Month = {April},
	Number = {2},
	Pages = {329-340},
	Title = {Pseudo differential operators and integrable systems in AXIOM},
	Volume = {79},
	Year = {1994}}

@article{SS88,
	Author = {D. Shannon, M. Sweedler},
	Date-Added = {2012-03-08 15:35:10 -0500},
	Date-Modified = {2012-03-08 15:36:49 -0500},
	Journal = {Journal of Symbolic Computation},
	Keywords = {CODEN JSYCEH ISSN 0747-7171},
	Month = {October-December},
	Number = {2-3},
	Pages = {267-273},
	Title = {Using Gr\"obner bases to determine algebra membership, split surjective algebra homomorphisms determine birational equivalence},
	Volume = {6},
	Year = {1988}}

@techreport{SSV87,
	Address = {Grenoble, France},
	Author = {P. Senechaud, F. Siebert, G. Villard},
	Date-Added = {2012-03-08 15:32:54 -0500},
	Date-Modified = {2012-03-08 15:34:49 -0500},
	Institution = {TIM 3 (IMAG)},
	Month = {February},
	Number = {640-M},
	Title = {Scratchpad II: Pr\'esentation d'un nouveau langage de calcul formel},
	Type = {Technical Report},
	Year = {1987}}

@article{vH94,
	Author = {M. van Hoeij},
	Date-Added = {2012-03-08 15:31:07 -0500},
	Date-Modified = {2012-03-08 15:32:39 -0500},
	Journal = {Journal of Symbolic Computation},
	Keywords = {CODEN JSYCEH ISSN 0747-7171},
	Month = {October},
	Number = {4},
	Pages = {353-363},
	Title = {An algorithm for computing an integral basis in an algebraic function field},
	Volume = {18},
	Year = {1994}}

@inproceedings{WJST90,
	Author = {Stephen M. Watt, Richard D. Jenks, Robert S. Sutor, Barry M. Trager},
	Booktitle = {Computing Tools for Scientific Problem Solving},
	Date-Added = {2012-03-08 15:27:55 -0500},
	Date-Modified = {2012-03-08 15:30:31 -0500},
	Editor = {A. M. Miola},
	Title = {The Scratchpad II type system: Domains and subdomains},
	Year = {1990}}

@phdthesis{Zen92,
	Address = {Karlsruhe, Germany},
	Author = {Ch. Zenger},
	Date-Added = {2012-03-08 15:15:15 -0500},
	Date-Modified = {2012-03-08 15:16:50 -0500},
	School = {Universit{\"a}t Karlsruhe},
	Title = {Gr\"obnerbasen f\"ur Differentialformen und ihre Implementierung in AXIOM},
	Year = {1992}}

@book{Yap00,
	Author = {Chee Keng Yap},
	Date-Added = {2012-03-08 13:59:23 -0500},
	Date-Modified = {2012-03-08 14:01:03 -0500},
	Keywords = {ISBN 0-19-512516-9},
	Publisher = {Oxford University Press},
	Title = {Fundamental Problems of Algorithmic Algebra},
	Year = {2000}}

@article{Wan91,
	Author = {Dongming Wang},
	Date-Added = {2012-03-08 13:57:46 -0500},
	Date-Modified = {2012-03-08 13:59:03 -0500},
	Journal = {Journal of Symbolic Computation},
	Keywords = {CODEN JSYCEH ISSN 0747-7171},
	Month = {August},
	Number = {2},
	Pages = {233-254},
	Title = {Mechanical manipulation for a class of differential systems},
	Volume = {12},
	Year = {1991}}

@misc{Su87,
	Author = {Robert S. Sutor},
	Date-Added = {2012-03-08 13:55:34 -0500},
	Date-Modified = {2012-03-08 13:57:20 -0500},
	Howpublished = {IBM Course presentation slide deck},
	Month = {Spring},
	Title = {The Scratchpad II Computer Algebra System. Using and Programming the Interpreter},
	Year = {1987}}

@article{Sit92,
	Author = {William Y. Sit},
	Date-Added = {2012-03-08 13:54:10 -0500},
	Date-Modified = {2012-03-08 13:55:22 -0500},
	Journal = {Journal of Symbolic Computation},
	Keywords = {CODEN JSYCEH ISSN 0747-7171},
	Month = {April},
	Number = {4},
	Pages = {353-394},
	Title = {An algorithm for solving parametric linear systems},
	Volume = {13},
	Year = {1992}}

@techreport{Sei95,
	Author = {W. M. Seiler},
	Date-Added = {2012-03-08 13:52:13 -0500},
	Date-Modified = {2012-03-08 13:53:39 -0500},
	Institution = {Universit{\"a}t Karlsruhe, Fakult\"at f\"ur Informatik},
	Number = {95-17},
	Title = {Applying AXIOM to partial differential equations},
	Type = {Internal Report},
	Year = {1995}}

@techreport{Sal89,
	Address = {Le Chesnay, France},
	Author = {B. Salvy},
	Date-Added = {2012-03-08 13:50:03 -0500},
	Date-Modified = {2012-03-08 13:51:52 -0500},
	Institution = {Institut National de Recherche en Informatique et en Automatique},
	Keywords = {18pp},
	Month = {December},
	Number = {114},
	Title = {Examples of automatic asymptotic expansions},
	Type = {Technical Report},
	Year = {1989}}

@article{Nor75,
	Author = {Arthur C. Norman},
	Date-Added = {2012-03-08 13:40:19 -0500},
	Date-Modified = {2012-03-08 13:41:43 -0500},
	Journal = {ACM Transactions on Mathematical Software},
	Keywords = {CODEN ACMSCU ISSN 0098-3500},
	Month = {December},
	Number = {4},
	Pages = {346-356},
	Title = {Computing with formal power series},
	Volume = {1},
	Year = {1975}}

@article{Mos71,
	Author = {Joel Moses},
	Date-Added = {2012-03-08 13:38:42 -0500},
	Date-Modified = {2012-03-08 13:39:45 -0500},
	Journal = {Communications of the ACM},
	Month = {August},
	Number = {8},
	Pages = {527-537},
	Title = {Algebraic Simplification: A Guide for the Perplexed},
	Volume = {14},
	Year = {1971}}

@article{LM91,
	Author = {R. Lynch and H. A. Mavromatis},
	Date-Added = {2012-03-08 13:19:10 -0500},
	Date-Modified = {2012-03-08 13:20:47 -0500},
	Journal = {American Journal of Physics},
	Keywords = {ISSN 0002-9505},
	Month = {March},
	Number = {3},
	Pages = {270-273},
	Title = {New quantum mechanical perturbation technique using an electronic scratchpad on an inexpensive computer},
	Volume = {59},
	Year = {1991}}

@misc{LD97,
	Author = {Richard Liska, Ladislav Drska, Jiri Limpouch, Milan Sinor, Michael Wester, Franz Winkler},
	Date-Added = {2012-03-08 13:05:28 -0500},
	Date-Modified = {2012-03-08 13:07:13 -0500},
	Howpublished = {\verb|kfe.fjfi.cvut.cz/~liska/ca/all.html|},
	Month = {June 2},
	Title = {Computer Algebra - Algorithms, Systems and Applications},
	Year = {1997}}

@misc{Le96,
	Author = {Gr\'egoire Lecerf},
	Date-Added = {2012-03-08 13:03:54 -0500},
	Date-Modified = {2012-03-08 13:05:13 -0500},
	Howpublished = {\verb|www.math.uvsq.fr/~lecerf/software/drc/drc.ps|},
	Month = {June 29},
	Title = {Dynamic Evaluation and Real Closure Implementation in Axiom},
	Year = {1996}}

@phdthesis{Leb08,
	Address = {\verb|www.math.fsu.edu/~ylebedev/research/HyperbolicGeometry.html|},
	Author = {Yuri Lebedev},
	Date-Added = {2012-03-08 12:58:46 -0500},
	Date-Modified = {2012-03-08 13:00:01 -0500},
	Month = {November},
	School = {Florida State University},
	Title = {OpenMath Library for Computing on Riemann Surfaces},
	Year = {2008}}

@inproceedings{LeB91,
	Address = {Washington, DC, USA},
	Author = {S. E. LeBlanc},
	Booktitle = {Challenges of a Changing World},
	Date-Added = {2012-03-08 12:35:58 -0500},
	Date-Modified = {2012-03-08 12:37:24 -0500},
	Keywords = {2 volumes},
	Organization = {American Society for Engineering Education},
	Pages = {287-299},
	Title = {The use of MathCAD and Theorist in the ChE classroom},
	Year = {1991}}

@article{Lam91,
	Author = {Larry A. Lambe},
	Date-Added = {2012-03-08 12:34:26 -0500},
	Date-Modified = {2012-03-08 12:35:31 -0500},
	Journal = {Journal of Symbolic Computation},
	Keywords = {ISSN 0747-7171},
	Month = {July},
	Number = {1},
	Pages = {71-87},
	Title = {Resolutions via homological perturbation},
	Volume = {12},
	Year = {1991}}

@article{Kos91,
	Author = {P.-V. Koseleff},
	Date-Added = {2012-03-08 12:27:27 -0500},
	Date-Modified = {2012-03-08 12:33:42 -0500},
	Journal = {Theoretical Computer Science},
	Keywords = {ISSN 0304-3975},
	Month = {February},
	Number = {1},
	Pages = {241-256},
	Title = {Word games in free Lie algebras: several bases and formulas},
	Volume = {79},
	Year = {1991}}

@techreport{KN94,
	Address = {\verb|www.nag.co.uk/doc/TechRep/axiomtr.html|},
	Author = {G. Keady, G. Nolan},
	Date-Added = {2012-03-08 12:23:21 -0500},
	Date-Modified = {2012-03-08 12:24:48 -0500},
	Institution = {Numerical Algorithms Group},
	Number = {TR1/94 (ATR/7)(NP2680)},
	Title = {Production of Argument SubPrograms in the AXIOM--NAG link: examples involving nonlinear systems},
	Type = {Technical Report},
	Year = {1994}}

@phdthesis{Kel99,
	Author = {Tom Kelsey},
	Date-Added = {2012-03-08 12:21:24 -0500},
	Date-Modified = {2012-03-08 12:22:55 -0500},
	Keywords = {\verb|www.cs.st-andrews.ac.uk/research/publications/Kel00.php|},
	School = {University of St Andrews},
	Title = {Formal Methods and Computer Algebra: A Larch Specification of AXIOM Categories and Functors},
	Year = {1999}}

@inproceedings{JT94,
	Address = {New York, NY 10036 USA},
	Author = {Richard D. Jenks, Barry M. Trager},
	Booktitle = {International Symposium on Symbolic and Algebraic Computation},
	Date-Added = {2012-03-08 12:17:59 -0500},
	Date-Modified = {2012-03-08 12:19:37 -0500},
	Keywords = {ISBN 0-89791-638-7 LCCN QA76.95.I59 1994},
	Organization = {Association for Computing Machinery},
	Pages = {32-40},
	Publisher = {ACM Press},
	Title = {How to make AXIOM into a Scratchpad},
	Year = {1994}}

@inproceedings{Sch88,
	Address = {Berlin, Germany},
	Author = {F. Schwarz},
	Booktitle = {Trends in Computer Algebra},
	Date-Added = {2012-03-08 12:12:29 -0500},
	Date-Modified = {2012-03-08 12:14:31 -0500},
	Editor = {R. Jan{\ss}en},
	Keywords = {ISBN 3-540-18928-6 LCCN QA155.7.E4T74 1988},
	Month = {May 19-21},
	Organization = {Springer-Verlag},
	Pages = {167-176},
	Publisher = {Springer-Verlag},
	Series = {Lecture Notes in Computer Science},
	Title = {Programming with abstract data types: the symmetry package SPDE in Scratchpad},
	Volume = {296},
	Year = {1987}}

@inproceedings{JWS88,
	Address = {Berlin, Germany},
	Author = {Richard D. Jenks, Robert S. Sutor, Stephen M. Watt},
	Booktitle = {Trends in Computer Algebra},
	Date-Added = {2012-03-08 12:09:58 -0500},
	Date-Modified = {2012-03-08 12:12:03 -0500},
	Editor = {R. Jan{\ss}en},
	Keywords = {ISBN 3-540-18928-6 LCCN QA155.7.E4T74 1988},
	Month = {May 19-21},
	Organization = {Springer-Verlag},
	Pages = {12-37},
	Publisher = {Springer-Verlag},
	Series = {Lecture Notes in Computer Science},
	Title = {Scratchpad II: an abstract datatype system for mathematical computation},
	Volume = {296},
	Year = {1987}}

@inproceedings{JWS87,
	Author = {Richard D. Jenks, Robert S. Sutor, Stephen M. Watt},
	Booktitle = {Trends in Computer Algebra},
	Date-Added = {2012-03-08 12:06:06 -0500},
	Date-Modified = {2012-03-08 12:07:36 -0500},
	Organization = {Springer-Verlag},
	Title = {Scratchpad II: an abstract datatype system for mathematical computation},
	Volume = {LNCS 296},
	Year = {1987}}

@proceedings{JOS93,
	Address = {Lille France},
	Date-Added = {2012-03-08 12:04:26 -0500},
	Date-Modified = {2012-03-08 12:05:43 -0500},
	Editor = {G. Jacob, N. E. Oussous, S. Steinberg},
	Organization = {LIFL University},
	Title = {Internationa IMACS Symposium on Symbolic Computation},
	Year = {1993}}

@article{JT81a,
	Author = {Richard D. Jenks, Barry M. Trager},
	Date-Added = {2012-03-08 12:03:03 -0500},
	Date-Modified = {2012-03-08 12:03:55 -0500},
	Journal = {SIGPLAN Notices},
	Month = {November},
	Title = {A Language for Computational Algebra},
	Year = {1981}}

@inproceedings{JT81,
	Author = {Richard D. Jenks, Barry M. Trager},
	Booktitle = {Symposium on Symbolic and Algebraic Compution},
	Date-Added = {2012-03-08 11:14:02 -0500},
	Date-Modified = {2012-03-08 11:14:55 -0500},
	Month = {August},
	Title = {A Language for Computational Algebra},
	Year = {1981}}

@inproceedings{Jen84b,
	Address = {Berlin, Germany},
	Author = {Richard D. Jenks},
	Booktitle = {International Symposium on Symbolic and Algebraic Computation},
	Date-Added = {2012-03-08 11:09:26 -0500},
	Date-Modified = {2012-03-08 11:11:38 -0500},
	Editor = {J. P. Fitch},
	Keywords = {ISBN 0-387-13350-X LCCN QA155.7.E4.I57 1984},
	Month = {July 9-11},
	Organization = {Springer-Verlag},
	Pages = {123-147},
	Publisher = {Springer-Verlag},
	Title = {A primer: 11 keys to New Scratchpad},
	Year = {1984}}

@inproceedings{Jen84a,
	Address = {Schenectady, NY, USA},
	Author = {Richard D. Jenks},
	Booktitle = {1984 MACSYMA Users Conference},
	Date-Added = {2012-03-08 09:41:11 -0500},
	Date-Modified = {2012-03-08 09:42:58 -0500},
	Editor = {V. Ellen Golden, M. A. Hussain},
	Month = {July 23-25},
	Organization = {General Electric},
	Pages = {409},
	Publisher = {General Electric},
	Title = {The new SCRATCHPAD language and system for computer algebra},
	Year = {1984}}

@article{Jen74,
	Author = {Richard D. Jenks},
	Date-Added = {2012-03-08 09:32:54 -0500},
	Date-Modified = {2012-03-08 09:33:50 -0500},
	Journal = {ACM SIGPLAN Notices},
	Keywords = {ISSN 0362-1340},
	Number = {4},
	Pages = {101-111},
	Title = {The SCRATCHPAD language},
	Volume = {9},
	Year = {1974}}

@techreport{Jen69,
	Address = {Yorktown Heights, NY},
	Author = {Richard D. Jenks},
	Date-Added = {2012-03-08 09:31:42 -0500},
	Date-Modified = {2012-03-08 09:32:32 -0500},
	Institution = {IBM Thomas J. Watson Research Center},
	Title = {META/LISP},
	Type = {Research Report},
	Year = {1969}}

@article{Hec01,
	Author = {A. Heck},
	Date-Added = {2012-03-08 09:29:17 -0500},
	Date-Modified = {2012-03-08 09:30:13 -0500},
	Journal = {International Journal of Computer Algebra in Mathematics Education},
	Number = {3},
	Pages = {195-210},
	Title = {Variables in computer algebra, mathematics and science},
	Volume = {8},
	Year = {2001}}

@techreport{GS92,
	Address = {Oxford, UK},
	Author = {James Grabmeier, A. Scheerhorn},
	Date-Added = {2012-03-08 09:26:17 -0500},
	Date-Modified = {2012-03-08 09:27:51 -0500},
	Institution = {Numerical Algorithms Group},
	Keywords = {\verb|www.nag.co.uk/doc/TechRep/axiomtr.html|},
	Number = {TR7/92 (ATR/5)(NP2522)},
	Title = {Finite fields in Axiom },
	Type = {Technical Report},
	Year = {1992}}

@article{GM94,
	Author = {D. Gruntz, Michael Monagan},
	Date-Added = {2012-03-08 09:19:44 -0500},
	Date-Modified = {2012-03-08 09:24:58 -0500},
	Journal = {SIGSAM Bulletin},
	Keywords = {ISSN 0163-5824},
	Month = {August},
	Number = {3},
	Pages = {3-19},
	Title = {Introduction to Gauss},
	Volume = {28},
	Year = {1994}}

@inproceedings{GM89,
	Author = {Patrizia Gianni, T. Mora},
	Booktitle = {Applied Algebra, Algebraic Algorithms and Error-Correcting Codes},
	Date-Added = {2012-03-08 09:18:08 -0500},
	Date-Modified = {2012-03-08 09:21:55 -0500},
	Editor = {L. Huguet, A. Poli},
	Keywords = {ISBN 3-540-51082-6 LCCN QA268.A35 1987},
	Organization = {Springer-Verlag},
	Pages = {247-257},
	Publisher = {Springer-Verlag},
	Title = {Algebraic solution of systems of polynomial equations using Gr\"obner bases},
	Year = {1987}}

@article{GM88,
	Author = {R\"udiger Gebauer, H. Michael M\"oller},
	Date-Added = {2012-03-08 09:16:07 -0500},
	Date-Modified = {2012-03-08 09:17:41 -0500},
	Journal = {Journal of Symbolic Computation},
	Keywords = {ISSN 0747-7171},
	Number = {2-3},
	Pages = {275-286},
	Title = {On an installation of Buchberger's algorithm},
	Volume = {6},
	Year = {1988}}

@inproceedings{GM86,
	Address = {New York, NY 10036 USA},
	Author = {R\"udiger Gebauer, H. Michael M\"oller},
	Booktitle = {Symposium on Symbolic and Algebraic Compution},
	Date-Added = {2012-03-08 09:11:46 -0500},
	Date-Modified = {2012-03-08 09:13:28 -0500},
	Editor = {Bruce W. Char},
	Keywords = {ISBN 0-89791-199-7 LCCN QA155.7.E4.A281 1986 ACM Order Number 505860},
	Organization = {Association for Computing Machinery},
	Pages = {218-221},
	Publisher = {ACM Press},
	Title = {Buchberger's algorithm and staggered linear bases},
	Year = {1986}}

@proceedings{SYMSAC86,
	Address = {New York, NY 10036 USA},
	Date-Added = {2012-03-08 09:09:46 -0500},
	Date-Modified = {2012-03-08 09:13:33 -0500},
	Editor = {Bruce W. Char},
	Keywords = {ISBN 0-89791-199-7 LCCN QA155.7.E4.A281 1986 ACM Order Number 505860},
	Month = {July 21-23},
	Organization = {Association for Computing Machinery},
	Publisher = {ACM Press},
	Title = {Symposium on Symbolic and Algebraic Compution},
	Year = {1986}}

@inproceedings{GL93,
	Address = {Berlin, Germany},
	Author = {A. Goodloe, P. Loustaunau},
	Booktitle = {International Symposium DISCO 92},
	Date-Added = {2012-03-08 09:05:15 -0500},
	Date-Modified = {2012-03-08 09:07:39 -0500},
	Editor = {J. P. Fitch},
	Keywords = {ISBN 0-387-57272-4 LCCN QA76.9.S88I576 1992},
	Pages = {193-202},
	Publisher = {Springer-Verlag},
	Title = {An abstract data type development of graded rings},
	Year = {1992}}

@book{GKW03,
	Address = {\verb|www.springer.com/sgw/cda/frontpage/0,11855,1-102-22-1477871-0,00.html|},
	Author = {Johannes Grabmeier, Erich Kaltofen, Volker Weispfenning},
	Date-Added = {2012-03-08 09:01:55 -0500},
	Date-Modified = {2012-03-08 09:04:35 -0500},
	Keywords = {ISBN 3-540-65466-6 (637pp)},
	Publisher = {Springer-Verlag},
	Title = {Computer Algebra Handbook: Foundations, Applications, Systems},
	Year = {2003}}

@inproceedings{GJ72b,
	Author = {James H. Griesmer, Richard D. Jenks},
	Booktitle = {ACM SIGPLAN Notices (Symposium on Two-dimensional man-machine communications)},
	Date-Added = {2012-03-08 08:58:32 -0500},
	Date-Modified = {2012-03-08 09:00:07 -0500},
	Editor = {Mark B. Wells, James B Morris},
	Number = {10},
	Pages = {93-102},
	Title = {SCRATCHPAD: A capsule view},
	Volume = {7},
	Year = {1972}}

@inproceedings{GJ72a,
	Address = {Uxbridge England},
	Author = {James H. Griesmer, Richard D. Jenks},
	Booktitle = {International Conference on Online Interactive Computing},
	Date-Added = {2012-03-08 08:56:01 -0500},
	Date-Modified = {2012-03-08 08:58:05 -0500},
	Keywords = {ISBN 0-903796-02-3 LCCN QA76.55.O54 1972 (2 volumes)},
	Month = {September 4-7},
	Organization = {Brunel University},
	Title = {Experience with an online symbolic math system SCRATCHPAD},
	Year = {1972}}

@proceedings{Onl72,
	Address = {Uxbridge England},
	Date-Added = {2012-03-08 08:53:42 -0500},
	Date-Modified = {2012-03-08 08:58:03 -0500},
	Keywords = {ISBN 0-903796-02-3 LCCN QA76.55.O54 1972 (2 volumes)},
	Month = {September 4-7},
	Organization = {Brunel University},
	Title = {International Conference on Online Interactive Computing},
	Year = {1972}}

@inproceedings{GJ71,
	Address = {\verb|delivery.acm.org/10.1145/810000/806266/p42-griesmer.pdf|},
	Author = {James H. Griesmer, Richard D. Jenks},
	Booktitle = {Symbolic and Algebraic Manipulation},
	Date-Added = {2012-03-08 08:49:56 -0500},
	Date-Modified = {2012-03-08 08:52:48 -0500},
	Editor = {S. R. Petric},
	Keywords = {LCCN QA76.5.S94 1971},
	Organization = {Association for Computing Machinery},
	Pages = {42-58},
	Publisher = {ACM Press},
	Title = {SCRATCHPAD/1 -- an interactive facility for symbolic mathematics},
	Year = {1971}}

@proceedings{Pet71,
	Address = {New York, NY 10036 USA},
	Date-Added = {2012-03-08 08:48:14 -0500},
	Date-Modified = {2012-03-08 08:52:50 -0500},
	Editor = {S. R. Petric},
	Keywords = {LCCN QA76.5.S94 1971},
	Month = {March 23-25},
	Organization = {Association for Computing Machinery},
	Publisher = {ACM Press},
	Title = {Symbolic and Algebraic Manipulation},
	Year = {1971}}

@techreport{GHK91,
	Address = {Heidelberg, Germany},
	Author = {James Grabmeier, K. Huber, U. Krieger},
	Date-Added = {2012-03-08 08:45:32 -0500},
	Date-Modified = {2012-03-08 08:47:47 -0500},
	Institution = {IBM Wissenschaftliches Zentrum},
	Number = {TR 75.91.20},
	Title = {Das ComputeralgebraSystem AXIOM bei krytologischen und verkehrstheoretischen Untersuchungen des Forschunginstituts der Deutschen Bundespost TELEKOM},
	Type = {Technical Report},
	Year = {1991}}

@inproceedings{BHGM04,
	Author = {Richard Boulton, Ruth Hardy, Hanne Gottliebsen, Ursula Martin},
	Booktitle = {Fourth International Conference on Integrated Formal Methods},
	Date-Added = {2012-03-08 08:43:26 -0500},
	Date-Modified = {2012-03-08 08:45:13 -0500},
	Month = {April},
	Title = {Design verification for control engineering},
	Year = {2004}}

@inproceedings{GBL91,
	Address = {Washington, DC, USA},
	Author = {B. M. Goodwin, R. A. Buonopane, A. Lee},
	Booktitle = {Challenges of a Changing World},
	Date-Added = {2012-03-07 07:33:37 -0500},
	Date-Modified = {2012-03-07 07:35:49 -0500},
	Organization = {American Society for Engineering Education},
	Pages = {345-349},
	Title = {Using MathCAD in teaching material and energy balance concepts},
	Volume = {1},
	Year = {1991}}

@techreport{Fou90,
	Address = {Strasbourg, France},
	Author = {Francois Fouche},
	Date-Added = {2012-03-07 07:31:00 -0500},
	Date-Modified = {2012-03-07 07:32:37 -0500},
	Institution = {Institut de Recherche Math\'ematique Avanc\'ee },
	Keywords = {31pp},
	Title = {Une implantation de l'algorithme de Kovacic en Scratchpad},
	Type = {Technical Report},
	Year = {1990}}

@book{Wes99,
	Author = {Michael J. Wester},
	Date-Added = {2012-03-07 07:29:06 -0500},
	Date-Modified = {2012-03-07 07:30:01 -0500},
	Keywords = {ISBN 0-471-98353-5},
	Publisher = {John Wiley and Sons},
	Title = {Computer Algebra Systems},
	Year = {1999}}

@misc{WJ12,
	Author = {Wei-Jiang},
	Date-Added = {2012-03-07 07:28:00 -0500},
	Date-Modified = {2012-03-07 07:28:50 -0500},
	Howpublished = {\verb|wei-jiang.com/it/software/top-free-algebra-system-bye-mathematics-bye-maple|},
	Title = {Top free algebra system}}

@misc{Wiki2,
	Date-Added = {2012-03-07 07:24:41 -0500},
	Date-Modified = {2012-03-07 07:27:05 -0500},
	Howpublished = {\verb|en.wikipedia.org/wiki/Comparison_of_computer_algebra_systems|},
	Title = {Comparison of computer algebra systems}}

@misc{Wiki1,
	Author = {Timothy Daly},
	Date-Added = {2012-03-07 07:23:41 -0500},
	Date-Modified = {2012-03-07 07:24:27 -0500},
	Howpublished = {\verb|en.wikipedia.org/wiki/Axiom_computer_algebra_system|},
	Title = {Axiom (computer algebra system)}}

@misc{Wat95,
	Author = {Stephen M. Watt},
	Date-Added = {2012-03-07 07:20:26 -0500},
	Date-Modified = {2012-03-07 07:20:59 -0500},
	Howpublished = {NAG Ltd},
	Title = {AXIOM Library Compiler Users Guide},
	Year = {1995}}

@misc{Wat94a,
	Author = {Stephen M. Watt},
	Date-Added = {2012-03-07 07:19:30 -0500},
	Date-Modified = {2012-03-07 07:20:21 -0500},
	Month = {June 8},
	Title = {A\# User's Guide Version 1.0.0 O($\epsilon{}^1$)},
	Year = {1994}}

@misc{Seiler,
	Author = {Werner M. Seiler},
	Date-Added = {2012-03-07 07:17:59 -0500},
	Date-Modified = {2012-03-07 07:18:52 -0500},
	Howpublished = {\verb|iaks-www.ira.uka.de/iaks-calmet/werner/werner.html|},
	Title = {DETools: A LIbrary for Differential Equations}}

@misc{OpenMa,
	Date-Added = {2012-03-07 07:17:06 -0500},
	Date-Modified = {2012-03-07 07:17:29 -0500},
	Howpublished = {\verb|www.openmath.org/overview/technical.html|},
	Title = {OpenMath Technical Overview}}

@misc{McJ11,
	Author = {Paul McJones},
	Date-Added = {2012-03-07 07:16:06 -0500},
	Date-Modified = {2012-03-07 07:16:52 -0500},
	Howpublished = {\verb|www.softwarepreservation.org/projects/LISP/common_lisp_family|},
	Title = {Software Presentation Group -- Common Lisp family}}

@misc{Lin93,
	Author = {Steve Linton},
	Date-Added = {2012-03-07 07:15:00 -0500},
	Date-Modified = {2012-03-07 07:15:51 -0500},
	Howpublished = {\verb|www.cs.st-andrews.ac.uk/~sal/nme/nme_toc.html#SEC1|},
	Title = {Vector Enumeration Programs, version 3.04}}

@misc{Lah08,
	Author = {Tim Lahey},
	Date-Added = {2012-03-07 07:14:06 -0500},
	Date-Modified = {2012-03-07 07:14:42 -0500},
	Howpublished = {\verb|github.com/tjl/sage_int_testing|},
	Month = {December},
	Title = {Sage Integration Testing},
	Year = {2008}}

@misc{Ken99b,
	Author = {W. S. Kendall},
	Date-Added = {2012-03-07 07:12:59 -0500},
	Date-Modified = {2012-03-07 07:13:54 -0500},
	Howpublished = {\verb|www2.warwick.ac.uk/fac/sci/statistics/staff/academic-research/kendall/personal/ppt/327.ps.gz|},
	Title = {Symbolic Ito calculus in AXIOM: an ongoing story}}

@misc{Ken99a,
	Author = {W. S. Kendall},
	Date-Added = {2012-03-07 07:11:29 -0500},
	Date-Modified = {2012-03-07 07:12:41 -0500},
	Howpublished = {\verb|www2.warwick.ac.uk/fac/sci/statistics/staff/academic-research/kendall/personal/ppt/328.ps.gz|},
	Title = {Itovsn3 in AXIOM: modules, algebras and stochastic differentials}}

@book{JT03,
	Address = {Berlin, Germany},
	Author = {Michael Joswig, Nobuki Takayama},
	Date-Added = {2012-03-07 07:09:59 -0500},
	Date-Modified = {2012-03-07 07:11:08 -0500},
	Keywords = {ISBN 3-540-00256-1 (p291)},
	Publisher = {Springer-Verlag},
	Title = {Algebra, geometry, and software systems}}

@misc{Kel00b,
	Author = {Tom Kelsey},
	Date-Added = {2012-03-07 07:08:49 -0500},
	Date-Modified = {2012-03-07 07:09:43 -0500},
	Howpublished = {\verb|www.cs.st-andrews.cs.uk/~tom/pub/fscbstalk.ps|},
	Keywords = {University of St. Andrews},
	Month = {September},
	Title = {Formal specification of computer algebra (slides)},
	Year = {2000}}

@misc{Kel00a,
	Author = {Tom Kelsey},
	Date-Added = {2012-03-07 07:07:20 -0500},
	Date-Modified = {2012-03-07 07:08:43 -0500},
	Howpublished = {\verb|www.cs.st-andrews.cs.uk/~tom/pub/fscbs.ps|},
	Keywords = {University of St. Andrews},
	Month = {April 6},
	Title = {Formal specification of computer algebra},
	Year = {2000}}

@periodical{Jo06,
	Author = {David Joyner},
	Date-Added = {2012-03-07 07:05:06 -0500},
	Date-Modified = {2012-03-07 07:06:32 -0500},
	Howpublished = {\verb|sage.math.washington.edu/home/wdj/sigsam/oscas-cca1.pdf|},
	Journal = {SIGSAM Commications in Computer Algebra},
	Title = {OSCAS - Maxima},
	Volume = {157},
	Year = {2006}}

@misc{Jen88,
	Author = {Richard D. Jenks},
	Date-Added = {2012-03-07 07:04:18 -0500},
	Date-Modified = {2012-03-07 07:04:55 -0500},
	Month = {Spring},
	Title = {The Scratchpad II Computer Algebra System Interactive Environment Users Guide},
	Year = {1988}}

@misc{Jen88,
	Author = {Richard D. Jenks},
	Date-Added = {2012-03-07 07:02:39 -0500},
	Date-Modified = {2012-03-07 07:04:04 -0500},
	Howpublished = {\verb|daly.axiom-developer.org/boot.tgz|},
	Keywords = {draft},
	Month = {September 5},
	Title = {A Guide to Programming in BOOT},
	Year = {1988}}

@misc{GJY75,
	Author = {James H. Griesmer, Richard D. Jenks, David Y. Y. Yun},
	Date-Added = {2012-03-07 07:00:40 -0500},
	Date-Modified = {2012-03-07 07:01:47 -0500},
	Howpublished = {IBM Research Publication RA70},
	Month = {June},
	Title = {SCRATCHPAD User's Manual},
	Year = {1975}}

@misc{Gon96,
	Author = {Gaston H. Gonnet},
	Date-Added = {2012-03-07 06:59:53 -0500},
	Date-Modified = {2012-03-07 07:00:28 -0500},
	Howpublished = {\verb|www.inf.ethz.ch/personal/gonnet/ContDict/Meta|},
	Title = {Official version 1.0 of the Meta Content Dictionary}}

@misc{Fris,
	Date-Added = {2012-03-07 06:59:13 -0500},
	Date-Modified = {2012-03-07 06:59:44 -0500},
	Howpublished = {\verb|www.nag.co.uk/projects/frisco/frisco/node3.html|},
	Title = {Objective and Results}}

@misc{Fog11,
	Author = {Michael Fogus},
	Date-Added = {2012-03-07 06:58:14 -0500},
	Date-Modified = {2012-03-07 06:59:05 -0500},
	Howpublished = {\verb|clojure.com/blog/2011/11/22/unconj.html|},
	Month = {August},
	Title = {UnConj},
	Year = {2011}}

@article{GKM05,
	Author = {Hanne Gottliebsen, Tom Kelsey, Ursula Martin},
	Date-Added = {2012-03-07 06:56:33 -0500},
	Date-Modified = {2012-03-07 06:57:42 -0500},
	Journal = {Journal of Symbolic Computation},
	Number = {5},
	Title = {Hidden verification for computational mathematics},
	Volume = {39},
	Year = {2005}}

@book{GCL92,
	Author = {Keith O. Geddes, Stephen R. Czapor, George Labahn},
	Date-Added = {2012-03-07 06:54:46 -0500},
	Date-Modified = {2012-03-07 06:56:16 -0500},
	Keywords = {ISBN 0-7923-9259-0},
	Month = {September},
	Publisher = {Kluwer Academic Publishers},
	Title = {Algorithms For Computer Algebra},
	Year = {1992}}

@techreport{Wat94,
	Address = {Yorktown Heights, NY},
	Author = {Stephen M. Watt, Peter A. Broadbery, Samuel S. Dooley, Pietro Iglio},
	Date-Added = {2012-03-07 06:52:07 -0500},
	Date-Modified = {2012-03-07 06:53:34 -0500},
	Institution = {IBM Thomas J. Watson Research Center},
	Number = {RC19529 (85075)},
	Title = {A First Report on the A\# Compiler (including benchmarks)},
	Year = {1994}}

@techreport{SJ87c,
	Address = {Yorktown Heights, NY},
	Author = {Robert S. Sutor, Richard D. Jenks},
	Date-Added = {2012-03-07 06:28:40 -0500},
	Date-Modified = {2012-03-07 06:30:02 -0500},
	Institution = {IBM Thomas J. Watson Research Center},
	Number = {RC12595 (56575)},
	Title = {The type inference and coercion facilities in the Scratchpad II interpreter},
	Year = {1987}}

@techreport{Nor75a,
	Author = {Arthur C. Norman},
	Date-Added = {2012-03-07 06:27:18 -0500},
	Date-Modified = {2012-03-07 06:28:00 -0500},
	Institution = {IBM Thomas J. Watson Research Center},
	Number = {RC4998},
	Title = {The SCRATCHPAD Power Series Package}}

@techreport{Jen71,
	Address = {Yorktown Heights, NY},
	Author = {Richard D. Jenks},
	Date-Added = {2012-03-07 06:26:15 -0500},
	Date-Modified = {2012-03-07 06:27:02 -0500},
	Institution = {IBM Thomas J. Watson Research Center},
	Number = {RC3259},
	Title = {META/PLUS: The syntax extension facility for SCRATCHPAD},
	Year = {1971}}

@techreport{JT81b,
	Address = {Yorktown Heights, NY},
	Author = {Richard D. Jenks, Barry M. Trager},
	Date-Added = {2012-03-07 06:24:09 -0500},
	Date-Modified = {2012-03-07 06:25:25 -0500},
	Institution = {IBM Thomas J. Watson Research Center},
	Number = {RC8930},
	Title = {A Language for Computational Algebra}}

@techreport{JWS86,
	Address = {Yorktown Heights, NY },
	Author = {Richard D. Jenks, Robert S. Sutor, Stephen M. Watt},
	Date-Added = {2012-03-07 06:10:33 -0500},
	Date-Modified = {2012-03-07 06:13:04 -0500},
	Institution = {IBM Thomas J. Watson Research Center},
	Number = {RC 12327 (55257)},
	Title = {Scratchpad II: an abstract datatype system for mathematical computation},
	Type = {Technical Report},
	Year = {1986}}

@book{JS92,
	Author = {Richard D. Jenks, Robert S. Sutor},
	Date-Added = {2012-03-07 06:03:55 -0500},
	Date-Modified = {2012-03-07 06:05:38 -0500},
	Keywords = {ISBN 0-387-97855-0 LCCN QA76.95.J46 1992 (742pp)},
	Publisher = {Springer-Verlag},
	Title = {AXIOM: The Scientific Computation System},
	Year = {1992}}

@inproceedings{Jen76,
	Address = {New York, NY 10036 USA},
	Author = {Richard D. Jenks},
	Booktitle = {Symposium on Symbolic and Algebraic Compution},
	Date-Added = {2012-03-07 05:50:02 -0500},
	Date-Modified = {2012-03-07 05:51:25 -0500},
	Editor = {Richard D. Jenks},
	Keywords = {LCCN QS155.7.EA.A15 1976 QA9.58.A11 1976},
	Organization = {Association for Computing Machinery},
	Pages = {60-65},
	Publisher = {ACM Press},
	Title = {A pattern compiler},
	Year = {1976}}

@proceedings{SYMSAC76,
	Address = {New York, NY 10036 USA},
	Date-Added = {2012-03-07 05:48:14 -0500},
	Date-Modified = {2012-03-07 05:50:14 -0500},
	Editor = {Richard D. Jenks},
	Keywords = {LCCN QS155.7.EA.A15 1976 QA9.58.A11 1976},
	Organization = {Association for Computing Machinery},
	Publisher = {ACM Press},
	Title = {Symposium on Symbolic and Algebraic Compution},
	Year = {1976}}

@proceedings{HP89,
	Address = {Berlin, Germany},
	Booktitle = {5th International Conference AAECC-5},
	Date-Added = {2012-03-07 05:46:15 -0500},
	Date-Modified = {2012-03-08 09:20:44 -0500},
	Editor = {L. Huguet, A. Poli},
	Keywords = {ISBN 3-540-51082-6 LCCN QA268.A35 1987},
	Organization = {Springer-Verlag},
	Publisher = {Springer-Verlag},
	Title = {Applied Algebra, Algebraic Algorithms and Error-Correcting Codes},
	Year = {1987}}

@proceedings{AAECC5,
	Address = {Berlin, Germany},
	Date-Added = {2012-03-07 05:43:57 -0500},
	Date-Modified = {2012-03-07 05:47:54 -0500},
	Editor = {L. Huguet, A. Poli},
	Keywords = {ISBN 3-540-51082-6 LCCN QA268.A35 1987},
	Organization = {Springer-Verlag},
	Publisher = {Springer-Verlag},
	Title = {5th International Conference AAECC-5},
	Year = {1987}}

@proceedings{Fit93,
	Address = {Berlin, Germany},
	Date-Added = {2012-03-07 05:41:41 -0500},
	Date-Modified = {2012-03-07 05:43:04 -0500},
	Editor = {J. P. Fitch},
	Keywords = {ISBN 0-387-57272-4 LCCN QA76.9.S88I576 1992},
	Organization = {Springer-Verlag},
	Publisher = {Springer-Verlag},
	Title = {International Symposium DISCO 92},
	Year = {1992}}

@proceedings{Fit84,
	Date-Added = {2012-03-07 05:40:02 -0500},
	Date-Modified = {2012-03-07 05:41:29 -0500},
	Editor = {J. P. Fitch},
	Keywords = {ISBN 0-387-13350-X LCCN QA155.7.E4.I57 1984},
	Month = {July 9-11},
	Organization = {Springer-Verlag},
	Publisher = {Springer-Verlag},
	Title = {International Symposium on Symbolic and Algebraic Computation},
	Volume = {174 of Lecture Notes in Computer Science},
	Year = {1984}}

@techreport{FDN00,
	Author = {Christ\'ele Faure, James H. Davenport, Hanane Naciri},
	Date-Added = {2012-03-07 05:37:45 -0500},
	Date-Modified = {2012-03-07 05:39:50 -0500},
	Institution = {Institut National de Recherche en Informatique et en Automatique},
	Keywords = {ISSN 0249-6399},
	Number = {4001},
	Title = {Multi-values Computer Algebra},
	Year = {2000}}

@misc{FD,
	Author = {Christ\'ele Faure, James H. Davenport},
	Date-Added = {2012-03-07 05:36:41 -0500},
	Date-Modified = {2012-03-07 05:37:26 -0500},
	Title = {Parameters in Computer Algebra}}

@misc{Fat05,
	Author = {Richard J. Fateman},
	Date-Added = {2012-03-07 05:35:33 -0500},
	Date-Modified = {2012-03-07 05:36:35 -0500},
	Howpublished = {\verb|www.cs.berkeley.edu/~fateman/papers/axiom.pdf|},
	Month = {April 19},
	Title = {An incremental approach to building a mathematical expert out of software},
	Year = {2005}}

@inproceedings{Fat90,
	Address = {New York, NY 10036 USA},
	Author = {Richard J. Fateman},
	Booktitle = {International Symposium on Symbolic and Algebraic Computation},
	Date-Added = {2012-03-07 05:33:37 -0500},
	Date-Modified = {2012-03-07 05:35:14 -0500},
	Editor = {Shunro Watanabe, Morio Nagata},
	Keywords = {ISBN 0-89791-401-5 LCCN QA76.95.I57 1990},
	Organization = {Association for Computing Machinery},
	Pages = {60-67},
	Publisher = {ACM Press},
	Title = {Advances and trends in the design and construction of algebraic manipulation systmes},
	Year = {1990}}

@proceedings{WN90,
	Address = {New York, NY 10036 USA},
	Date-Added = {2012-03-07 05:31:47 -0500},
	Date-Modified = {2012-03-07 05:33:52 -0500},
	Editor = {Shunro Watanabe, Morio Nagata},
	Keywords = {ISBN 0-89791-401-5 LCCN QA76.95.I57 1990},
	Organization = {Association for Computing Machinery},
	Publisher = {ACM Press},
	Title = {International Symposium on Symbolic and Algebraic Computation},
	Year = {1990}}

@misc{ES10,
	Author = {Burcin Er\"ocal, William Stein},
	Date-Added = {2012-03-07 05:30:34 -0500},
	Date-Modified = {2012-03-07 05:31:28 -0500},
	Howpublished = {\verb|wstein.org/papers/icms/icms_2010.pdf|},
	Title = {The Sage Project}}

@article{Du95,
	Author = {D. Duval},
	Date-Added = {2012-03-07 05:29:19 -0500},
	Date-Modified = {2012-03-07 05:30:27 -0500},
	Journal = {Journal of Pure and Applied Algebra},
	Number = {99},
	Pages = {267-295},
	Title = {Evaluation dynamique et cl\^oture alg\'ebrique en Axiom},
	Year = {1995}}

@article{DGKM01a,
	Author = {Martin Dunstan, Hanne Gottliebsen, Tom Kelsey, Ursula Martin},
	Date-Added = {2012-03-07 04:26:48 -0500},
	Date-Modified = {2012-03-07 04:28:00 -0500},
	Journal = {Calculemus 2001},
	Keywords = {\verb|www.cs.st-andrews.ac.uk/~tom/pub/dunstanetal.ps|},
	Title = {Computer Algebra meets Automated Theorem Proving: A Maple-PVS Interface},
	Year = {2001}}

@article{DGKM01,
	Author = {Martin Dunstan, Hanne Gottliebsen, Tom Kelsey, Ursula Martin},
	Date-Added = {2012-03-07 04:24:38 -0500},
	Date-Modified = {2012-03-07 04:26:14 -0500},
	Journal = {TPHOLS 2001},
	Keywords = {\verb|www.cs.st-andrews.ac.uk/~tom/pub/tphols.ps|},
	Title = {Comptuer Algebra meets Automated Theorem Proving: A Maple-PVS Interface},
	Year = {2001}}

@phdthesis{Dun99a,
	Address = {\verb|www.cs.st-andrews.uk/files/publications/Dun99.php|},
	Author = {Martin Dunstan},
	Date-Added = {2012-03-07 04:22:27 -0500},
	Date-Modified = {2012-03-07 04:24:16 -0500},
	Keywords = {\verb|axiom-portal.newsynthesis.org/refs/articles/mnd-sep99-thesis.pdf|},
	School = {University of St Andrews},
	Title = {Larch/Aldor - A Larch BISL for AXIOM and Aldor},
	Type = {Ph.D. thesis},
	Year = {1999}}

@article{Dun99,
	Author = {Martin Dunstan, Tom Kelsey, Steve Linton, Ursula Martin},
	Date-Added = {2012-03-07 04:20:59 -0500},
	Date-Modified = {2012-03-07 04:22:14 -0500},
	Journal = {FM 99},
	Month = {Sept 20-24},
	Pages = {1758-1777},
	Title = {Formal Methods for Extensions to CAS},
	Year = {1999}}

@techreport{Dun97,
	Address = {\verb|www.cs.st-andrews.ac.uk/research/output/detail?output=ML97.php|},
	Author = {Martin Dunstan, Steve Linton, Ursula Martin},
	Date-Added = {2012-03-07 04:16:51 -0500},
	Date-Modified = {2012-03-07 04:19:50 -0500},
	Institution = {University of St Andrews},
	Month = {November 1 - February 28},
	Number = {GR/L48256},
	Title = {Embedded Verification Techniques for Computer Algebra Systems},
	Type = {Grant citation},
	Year = {1997-2001}}

@inproceedings{Dun98,
	Author = {Martin Dunstan, Tom Kelsey, Steve Linton, Ursula Martin},
	Booktitle = {International Symposium on Symbolic and Algebraic Computation},
	Date-Added = {2012-03-07 04:14:56 -0500},
	Date-Modified = {2012-03-07 04:16:35 -0500},
	Keywords = {\verb|www.cs.st-andrews.ac.uk/~tom/pub/issac98.pdf|},
	Title = {Lightweight Formal Methods for Computer Algebra Systems},
	Year = {1998}}

@techreport{DT92,
	Address = {Oxford, UK},
	Author = {James H. Davenport, Barry M. Trager},
	Date-Added = {2012-03-07 04:13:09 -0500},
	Date-Modified = {2012-03-07 04:14:24 -0500},
	Institution = {Numerical Algorithms Group},
	Keywords = {\verb|www.nag.co.uk/doc/TechRep/axiomtr.html|},
	Month = {December},
	Number = {TR3/92 (ATR/1)(NP2490)},
	Title = {Scratchpad's view of algebra I: Basic commutative algebra},
	Type = {Technical Report},
	Year = {1992}}

@inproceedings{For90,
	Author = {A. Fortenbacher},
	Booktitle = {International Symposium DISCO 90},
	Date-Added = {2012-03-07 04:10:41 -0500},
	Date-Modified = {2012-03-07 04:12:04 -0500},
	Editor = {A. Miola},
	Keywords = {ISBN 0-387-52531-9 LCCN QA76.9.S88I576 1990},
	Month = {April 10-12},
	Organization = {Springer-Verlag},
	Pages = {56-60},
	Publisher = {Springer-Verlag},
	Title = {Efficient type inference and coercion in computer algebra},
	Year = {1990}}

@inproceedings{DT90,
	Author = {James H. Davenport, Barry M. Trager},
	Booktitle = {International Symposium DISCO 90},
	Date-Added = {2012-03-07 04:08:49 -0500},
	Date-Modified = {2012-03-07 04:10:28 -0500},
	Editor = {A. Miola},
	Keywords = {ISBN 0-387-52531-9 LCCN QA76.9.S88I576 1990},
	Pages = {40-54},
	Title = {Scratchpad's view of algebra I: Basic commutative algebra},
	Year = {1990}}

@proceedings{Mio90,
	Address = {Berlin, Germany},
	Date-Added = {2012-03-07 04:05:32 -0500},
	Date-Modified = {2012-03-07 04:12:18 -0500},
	Editor = {A. Miola},
	Keywords = {ISBN 0-387-52531-9 LCCN QA76.9.S88I576 1990},
	Month = {April 10-12},
	Organization = {Springer-Verlag},
	Publisher = {Springer-Verlag},
	Title = {International Symposium DISCO 90},
	Volume = {429 of Lecture Notes in Computer Science},
	Year = {1990}}

@book{DST88,
	Author = {James H. Davenport, Y. Siret, E. Tournier},
	Date-Added = {2012-03-07 04:03:41 -0500},
	Date-Modified = {2012-03-07 04:05:03 -0500},
	Keywords = {ISBN 0-12-204232-9},
	Publisher = {Academic Press},
	Title = {Computer Algebra: Systems and Algorithms for Algebraic Computation},
	Year = {1988}}

@inproceedings{Doy99,
	Address = {\verb|www.acm.org/pubs/contents/proceedings/issac/309831|},
	Author = {Nicolas J. Doye},
	Booktitle = {International Symposium on Symbolic and Algebraic Computation},
	Date-Added = {2012-03-07 04:00:22 -0500},
	Date-Modified = {2012-03-07 04:02:50 -0500},
	Editor = {Sam Dooley},
	Keywords = {ISBN 1-58113-073-2 LCCN QA76.95.I57 1999},
	Month = {July 29-31},
	Organization = {Simon Fraser University},
	Pages = {229-235},
	Publisher = {ACM Press},
	Title = {Automated coercion for Axiom},
	Year = {1999}}

@misc{DLMF,
	Date-Added = {2012-03-07 03:57:40 -0500},
	Date-Modified = {2012-03-07 03:59:15 -0500},
	Howpublished = {\verb|dlmf.nist.gov/help/cite|},
	Month = {August 29},
	Title = {Digital Library of Mathematical Functions},
	Year = {2011}}

@proceedings{Doo99,
	Address = {\verb|www.acm.org/pubs/contents/proceedings/issac/309831|},
	Date-Added = {2012-03-07 03:55:03 -0500},
	Date-Modified = {2012-03-07 04:03:09 -0500},
	Editor = {Sam Dooley},
	Keywords = {ISBN 1-58113-073-2 LCCN QA76.95.I57 1999},
	Month = {July 29-31},
	Organization = {Simon Fraser University},
	Publisher = {ACM Press},
	Title = {International Symposium on Symbolic and Algebraic Computation},
	Year = {1999}}

@periodical{DJ92,
	Author = {D Duval, F. Jung},
	Date-Added = {2012-03-07 03:53:20 -0500},
	Date-Modified = {2012-03-07 03:54:41 -0500},
	Journal = {IFIP Transactions Computer Science and Technology},
	Keywords = {ISSN 0926-5473},
	Pages = {133-141},
	Title = {Examples of problem solving using computer algebra},
	Volume = {143},
	Year = {1992}}

@misc{DGW,
	Author = {Stephane Dalman, Marc Gaetano, Stephen Watt},
	Date-Added = {2012-03-07 03:51:39 -0500},
	Date-Modified = {2012-03-07 03:52:46 -0500},
	Howpublished = {\verb|citeseerx.ist.psu.edu/viewdoc/download?doi=10.1.1.116.4401.pdf|},
	Title = {An OpenMath 1.0 Implementation}}

@techreport{DGT92,
	Address = {Oxford, UK},
	Author = {James H. Davenport, Patrizia Gianni, Barry M. Trager},
	Date-Added = {2012-03-07 03:49:29 -0500},
	Date-Modified = {2012-03-07 03:51:27 -0500},
	Institution = {Numerical Algorithms Group},
	Keywords = {\verb|www.nag.co.uk/doc/TechRep/axiomtr.html|},
	Month = {December},
	Number = {TR4/92 (ATR/2) (NP2491)},
	Title = {Scratchpad's view of algebra II: A categorical view of factorization},
	Type = {Technical Report},
	Year = {1992}}

@techreport{DGJ84,
	Author = {James Davenport, Patrizia Gianni, Richard Jenks, Victor Miller, Scott Morrison, Michael Rothstein, Christine Sundaresan, Robert Sutor, Barry Trager},
	Date-Added = {2012-03-07 03:47:46 -0500},
	Date-Modified = {2012-03-07 03:49:19 -0500},
	Institution = {IBM Thomas J. Watson Research Center},
	Title = {Scratchpad},
	Year = {1984}}

@misc{Dew,
	Author = {Mike Dewar},
	Date-Added = {2012-03-07 03:46:44 -0500},
	Date-Modified = {2012-03-07 03:47:22 -0500},
	Howpublished = {\verb|www.sigsam.org/bulletin/articles/132/paper1.pdf|},
	Title = {OpenMath: An Overview}}

@inproceedings{Dew94,
	Address = {Helsinki, Finland},
	Author = {M. C. Dewar},
	Booktitle = {Workshop on Symbolic and Numeric Computing},
	Date-Added = {2012-03-07 03:44:54 -0500},
	Date-Modified = {2012-03-07 03:46:20 -0500},
	Editor = {H. Apiola, M. Laine, E. Valkeila},
	Organization = {University of Helsinki},
	Pages = {1-12},
	Title = {Manipulating Fortran Code in AXIOM and the AXIOM-NAG Link},
	Year = {1994}}

@proceedings{WSNC94,
	Address = {Helsinki, Finland},
	Date-Added = {2012-03-07 03:43:17 -0500},
	Date-Modified = {2012-03-07 03:44:50 -0500},
	Editor = {H. Apiola, M. Laine, E. Valkeila},
	Organization = {University of Helsinki},
	Title = {Workshop on Symbolic and Numeric Computing},
	Year = {1994}}

@inproceedings{Dev93,
	Author = {R. G. E. Pinch},
	Booktitle = {Computers and Mathematics},
	Date-Added = {2012-03-07 03:40:56 -0500},
	Date-Modified = {2012-03-07 03:42:53 -0500},
	Editor = {Keith Devlin},
	Number = {9},
	Pages = {1203-1210},
	Title = {Some Primality Testing Algorithms},
	Volume = {40},
	Year = {1993}}

@inproceedings{Wat88,
	Address = {Berlin, Germany},
	Author = {Stephen M. Watt},
	Booktitle = {International Symposium on Symbolic and Algebraic Computation},
	Date-Added = {2012-03-07 03:36:14 -0500},
	Date-Modified = {2012-03-07 03:38:01 -0500},
	Editor = {Patrizia Gianni},
	Keywords = {ISBN 3-540-51084-2 LCCN QA76.95.I57 1988},
	Month = {July 4-8},
	Organization = {Springer-Verlag},
	Pages = {206-217},
	Publisher = {Springer-Verlag},
	Title = {A fixed point method for power series computation},
	Year = {1988}}

@inproceedings{DD89,
	Address = {Berlin, Germany},
	Author = {C. Dicrescenzo, D. Duval},
	Booktitle = {International Symposium on Symbolic and Algebraic Computation},
	Date-Added = {2012-03-06 14:30:40 -0500},
	Date-Modified = {2012-03-07 03:36:01 -0500},
	Editor = {Patrizia Gianni},
	Keywords = {ISBN 3-540-51084-2 LCCN QA76.95.I57 1988},
	Organization = {Springer-Verlag},
	Pages = {440-446},
	Publisher = {Springer-Verlag},
	Title = {Algebraic extensions and algebraic closure in Scratchpad II},
	Year = {1988}}

@proceedings{Gia88,
	Address = {Berlin, Germany},
	Date-Added = {2012-03-06 14:28:07 -0500},
	Date-Modified = {2012-03-07 03:38:12 -0500},
	Editor = {Patrizia Gianni},
	Keywords = {ISBN 3-540-51084-2 LCCN QA76.95.I57 1988},
	Month = {July 4-8},
	Organization = {Springer-Verlag},
	Publisher = {Springer-Verlag},
	Title = {International Symposium on Symbolic and Algebraic Computation},
	Volume = {358 of Lecture Notes in Computer Science},
	Year = {1988}}

@unpublished{DSTxx,
	Author = {James H. Davenport, Siret, Tournier},
	Date-Added = {2012-03-06 14:25:15 -0500},
	Date-Modified = {2012-03-06 14:26:40 -0500},
	Keywords = {\verb|staff.bath.ac.uk/masjhd/masternew.pdf|},
	Note = {book},
	Title = {Computer Algebra}}

@unpublished{Dav10,
	Author = {James H. Davenport},
	Date-Added = {2012-03-06 14:23:58 -0500},
	Date-Modified = {2012-03-06 14:25:01 -0500},
	Keywords = {\verb|staff.bath.ac.uk/masjhd/JHD-CA.pdf|},
	Note = {book},
	Title = {Computer Algebra}}

@url{Dav00,
	Author = {James H. Davenport},
	Date-Added = {2012-03-06 14:22:54 -0500},
	Date-Modified = {2012-03-06 14:23:31 -0500},
	Title = {13th OpenMath Meeting},
	Urldate = {\verb|xml.coverpages.org/openmath13.html|}}

@techreport{Dav93,
	Address = {Oxford, UK},
	Author = {James H. Davenport},
	Date-Added = {2012-03-06 14:21:24 -0500},
	Date-Modified = {2012-03-06 14:22:40 -0500},
	Institution = {Numerical Algorithms Group},
	Keywords = {\verb|www.nag.co.uk/doc/TechRep/axiomtr.html|},
	Month = {August},
	Number = {TR2/93 (ATR/6) (NP2556)},
	Title = {Primality testing revisited},
	Type = {Technical Report},
	Year = {1993}}

@techreport{Dav92b,
	Address = {Oxford, UK},
	Author = {James H. Davenport},
	Date-Added = {2012-03-06 14:19:06 -0500},
	Date-Modified = {2012-03-06 14:20:17 -0500},
	Institution = {Numerical Algorithms Group},
	Keywords = {\verb|www.nag.co.uk/doc/TechRep/axiomtr.html|},
	Month = {December},
	Number = {TR6/92 (ATR/4)},
	Title = {How does one program in the AXIOM system},
	Type = {Technical Report},
	Year = {1992}}

@techreport{Dav92a,
	Address = {Oxford, UK},
	Author = {James H. Davenport},
	Date-Added = {2012-03-06 14:17:00 -0500},
	Date-Modified = {2012-03-06 14:18:52 -0500},
	Institution = {Numerical Algorithms Group},
	Keywords = {\verb|www.nag.co.uk/doc/TechRep/axiomtr.html|},
	Month = {December},
	Number = {TR5/92 (ATR/3)},
	Title = {The Axiom system},
	Type = {AXIOM Technical Report},
	Year = {1992}}

@article{Dav85,
	Author = {James H. Davenport},
	Date-Added = {2012-03-06 14:15:25 -0500},
	Date-Modified = {2012-03-06 14:16:47 -0500},
	Journal = {The Scratchpad II Newsletter},
	Keywords = {IBM Corporation, Yorktown Heights, NY},
	Month = {September 1},
	Number = {1},
	Title = {The LISP/VM Foundation of Scratchpad II},
	Volume = {1},
	Year = {1985}}

@article{Dav82b,
	Author = {James H. Davenport},
	Date-Added = {2012-03-06 14:04:49 -0500},
	Date-Modified = {2012-03-06 14:14:02 -0500},
	Journal = {Proceedings of EUROCAM 82},
	Number = {LNCS 144},
	Pages = {145-157},
	Title = {On the Parallel Risch Algorithm (i)},
	Year = {1982}}

@article{DT85,
	Author = {James H. Davenport, Barry M. Trager},
	Date-Added = {2012-03-06 14:00:36 -0500},
	Date-Modified = {2012-03-06 14:13:35 -0500},
	Journal = {ACM Transactions on Mathematical Software},
	Keywords = {DOI doi.acm.org/10.1145/6187.6189 ISSN 0098-3500},
	Month = {December},
	Number = {4},
	Pages = {356-362},
	Title = {On the parallel Risch Algorithm (II)},
	Volume = {11},
	Year = {Dec, 1985}}

@article{Dav82,
	Author = {James H. Davenport},
	Date-Added = {2012-03-06 13:58:30 -0500},
	Date-Modified = {2012-03-06 14:12:29 -0500},
	Journal = {SIGSAM Bulletin},
	Keywords = {DOI 10.1145/1089302.1089303 ISSN 0163-5824},
	Month = {August 1},
	Number = {3},
	Pages = {3-6},
	Title = {On the Parallel Risch Algorithm (III): Use of Tangents},
	Volume = {16},
	Year = {1982}}

@misc{Dav79,
	Author = {James H. Davenport},
	Date-Added = {2012-03-06 13:57:23 -0500},
	Date-Modified = {2012-03-06 13:58:17 -0500},
	Howpublished = {VM/370 SPAD.SCRIPTS},
	Month = {August 24},
	Title = {SPAD.SCRIPT},
	Year = {1979}}

@periodical{Daly12,
	Author = {Timothy Daly},
	Date-Added = {2012-03-06 13:55:56 -0500},
	Date-Modified = {2012-03-06 13:57:07 -0500},
	Journal = {Notices of the American Mathematical Society},
	Title = {Publishing Computational Mathematics},
	Volume = {\verb|www.ams.org/notices/201202/rtx120200320p.pdf|},
	Year = {Feb 2012}}

@book{Daly05,
	Address = {860 Aviation Parkway, Suite 300, Morrisville, NC 27560},
	Author = {Timothy Daly},
	Date-Added = {2012-03-06 13:53:26 -0500},
	Date-Modified = {2012-03-06 13:55:50 -0500},
	Edition = {\verb|www.lulu.com/content/190827|},
	Keywords = {ISBN 141166597X 287pages},
	Publisher = {Lulu, Inc},
	Title = {Axiom Volume 1: Tutorial},
	Year = {1995}}

@url{Daly09,
	Author = {Timothy Daly},
	Date-Added = {2012-03-06 13:52:37 -0500},
	Date-Modified = {2012-03-06 13:53:13 -0500},
	Title = {The Axiom Literate Documentation},
	Urldate = {\verb|axiom-developer.org/axiom-website/documentation.html|}}

@url{Daly03,
	Author = {Timothy Daly},
	Date-Added = {2012-03-06 13:51:51 -0500},
	Date-Modified = {2012-03-06 13:52:31 -0500},
	Title = {The Axiom Website},
	Urldate = {\verb|axiom-developer.org|}}

@misc{Daly88,
	Author = {Timothy Daly},
	Date-Added = {2012-03-06 13:50:54 -0500},
	Date-Modified = {2012-03-06 13:51:43 -0500},
	Howpublished = {Axiom course slide deck},
	Month = {January},
	Title = {Axiom in an Educational Setting},
	Year = {1988}}

@inproceedings{Dal92,
	Address = {New York, NY 10036 USA},
	Author = {Stephane Dalmas},
	Booktitle = {International Symposium on Symbolic and Algebraic Computation},
	Date-Added = {2012-03-06 13:48:53 -0500},
	Date-Modified = {2012-03-07 03:39:12 -0500},
	Editor = {Paul S. Wang},
	Keywords = {ISBN 0-89791-489-9 LCCN QA76.95.I59 1992},
	Organization = {Association for Computing Machinery},
	Pages = {369-375},
	Publisher = {ACM Press},
	Title = {A polymorphic functional language applied to symbolic computation},
	Year = {1992}}

@inproceedings{Gil92,
	Address = {New York, NY 10036 USA},
	Author = {I. Gil},
	Booktitle = {International Symposium on Symbolic and Algebraic Computation},
	Date-Added = {2012-03-06 13:47:24 -0500},
	Date-Modified = {2012-03-06 13:48:40 -0500},
	Editor = {Paul S. Wang},
	Keywords = {ISBN 0-89791-489-9 LCCN QA76.95.I59 1992},
	Organization = {Association for Computing Machinery},
	Pages = {138-145},
	Publisher = {ACM Press},
	Title = {Computation of the Jordan canonical form of a square matrix (using the Axiom programming language)},
	Year = {1992}}

@inproceedings{Rio92,
	Address = {New York, NY 10036 USA},
	Author = {R. Rioboo},
	Booktitle = {International Symposium on Symbolic and Algebraic Computation},
	Date-Added = {2012-03-06 13:45:06 -0500},
	Date-Modified = {2012-03-06 13:47:01 -0500},
	Editor = {Paul S. Wang},
	Keywords = {ISBN 0-89791-489-9 LCCN QA76.95.I59 1992},
	Organization = {Association for Computing Machinery},
	Pages = {206-215},
	Publisher = {ACM Press},
	Title = {Real algebraic closure of an ordered field, implementation in Axiom},
	Year = {1992}}

@proceedings{Wang92,
	Address = {New York, NY 10036 USA},
	Date-Added = {2012-03-06 13:33:50 -0500},
	Date-Modified = {2012-03-06 13:46:50 -0500},
	Editor = {Paul S. Wang},
	Keywords = {ISBN 0-89791-489-9 LCCN QA76.95.I59 1992},
	Organization = {Association for Computing Machinery},
	Publisher = {ACM Press},
	Title = {International Symposium on Symbolic and Algebraic Computation},
	Year = {1992}}

@url{CHK,
	Author = {Hans Cuypers, Maxim Hendriks, Jan Willem Knopper},
	Date-Added = {2012-03-06 13:32:11 -0500},
	Date-Modified = {2012-03-06 13:33:17 -0500},
	Title = {Interactive Geometry inside MathDox},
	Urldate = {\verb|www.win.tue.nl/~hansc/MathDox_and_InterGeo_paper.pdf|}}

@misc{CCBS,
	Author = {Arjeh M. Cohen, Hans Cuypers, Ernesto Reinaldo Barreiro, Hans Sterk},
	Date-Added = {2012-03-06 13:25:27 -0500},
	Date-Modified = {2012-03-06 13:31:58 -0500},
	Howpublished = {Springer 9783540002576-c1.pdf},
	Title = {Interactive Mathematical Documents on the Web}}

@proceedings{CJ86,
	Booktitle = {International Conference on Computers and Mathematics},
	Date-Added = {2012-03-06 13:21:46 -0500},
	Date-Modified = {2012-03-07 03:40:26 -0500},
	Editor = {David Chudnovsky, Richard Jenks},
	Keywords = {ISBN 0-8247-8341-7},
	Month = {July 29 - August 1},
	Publisher = {Marcel Dekker, Inc},
	Title = {Computers in Mathematics},
	Year = {1986}}

@inproceedings{Chu89,
	Author = {D.V. Chudnovsky, G.V. Chudnovsky},
	Booktitle = {Proceedings of the National Academy of Science},
	Date-Added = {2012-03-06 13:19:36 -0500},
	Date-Modified = {2012-03-06 13:21:21 -0500},
	Pages = {8178-8182},
	Title = {The computation of classical constants},
	Volume = {86},
	Year = {1989}}

@url{CCCS,
	Author = {Olga Capriotti, Arjeh M. Cohen, Hans Cuypers, Hans Sterk},
	Date-Added = {2012-03-06 13:18:20 -0500},
	Date-Modified = {2012-03-06 13:19:24 -0500},
	Title = {OpenMath Technology for Interactive Mathematical Documents},
	Urldate = {\verb|www.win.tue.nl/~hansc/lisbon.pdf|}}

@url{CC99,
	Author = {O. Capriotti, D. Carlisle},
	Date-Added = {2012-03-06 13:17:09 -0500},
	Date-Modified = {2012-03-06 13:18:11 -0500},
	Lastchecked = {1999},
	Title = {OpenMath and MathML: Semantic Mark Up for Mathematics},
	Urldate = {\verb|www.acm.org/crossroads/xrds6-2/openmath.html|}}

@url{CCR,
	Author = {Olga Caprotti, Arjeh M. Cohen, Manfred Riem},
	Date-Added = {2012-03-06 13:14:04 -0500},
	Date-Modified = {2012-03-06 13:15:30 -0500},
	Title = {Java Phrasebooks for Computer Algebra and Automated Deduction},
	Urldate = {\verb|www.sigsam.org/bulletin/articles/132/paper8.pdf|}}

@techreport{CCM92,
	Address = {Le Chesnay, France},
	Author = {Paul Camion, Bernard Courteau, Andre Montpetit},
	Date-Added = {2012-03-06 13:10:44 -0500},
	Date-Modified = {2012-03-06 13:13:23 -0500},
	Institution = {Institut National de Recherche en Informatique et en Automatique},
	Keywords = {English: A combinatorial problem in Haming Graphs and its solution in Scratchpad},
	Month = {January},
	Title = {Un probl{\'e}me combinatoire dans les graphs de Haming et sa solution en Scratchpad},
	Year = {1992}}

@proceedings{Cal94,
	Address = {Karlsruhe, Germany},
	Date-Added = {2012-03-06 13:08:24 -0500},
	Date-Modified = {2012-03-06 13:10:17 -0500},
	Editor = {J. Calmet},
	Organization = {Universit{\"a}t Karlsruhe},
	Publisher = {Universit{\"a}t Karlsruhe},
	Title = {Rhine Workshop on Computer Algebra},
	Year = {1994}}

@inproceedings{KKM87,
	Address = {Berlin, Germany},
	Author = {K. Kusche, B. Kutzler, H. Mayr},
	Booktitle = {European Conference on Computer Algebra},
	Date-Added = {2012-03-06 13:06:00 -0500},
	Date-Modified = {2012-03-06 13:07:42 -0500},
	Editor = {James H. Davenport},
	Keywords = {ISBN 3-540-51517-8 LCCN QA155.7.E4E86 1987},
	Organization = {Springer-Verlag},
	Pages = {246-257},
	Publisher = {Springer-Verlag},
	Title = {Implementation of a geometry theorem proving package in SCRATCHPAD II},
	Year = {1987}}

@inproceedings{BW87,
	Address = {Berlin, Germany},
	Author = {William H. Burge, Stephen M. Watt},
	Booktitle = {European Conference on Computer Algebra},
	Date-Added = {2012-03-06 13:03:23 -0500},
	Date-Modified = {2012-03-06 13:05:45 -0500},
	Editor = {James H. Davenport},
	Keywords = {ISBN 3-540-51517-8 LCCN QA155.7.E4E86 1987},
	Organization = {Springer-Verlag},
	Pages = {138-148},
	Publisher = {Springer-Verlag},
	Title = {Infinite structures in Scratchpad II},
	Year = {1897}}

@proceedings{Dav87,
	Address = {Berlin, Germany},
	Date-Added = {2012-03-06 12:56:43 -0500},
	Date-Modified = {2012-03-06 13:07:24 -0500},
	Editor = {James H. Davenport},
	Keywords = {ISBN 3-540-51517-8 LCCN QA155.7.E4E86 1987},
	Organization = {Springer-Verlag},
	Publisher = {Springer-Verlag},
	Title = {European Conference on Computer Algebra},
	Year = {1987}}

@techreport{BW87,
	Address = {P.O. Box 218, Yorktown Heights, NY 10598},
	Author = {William H. Burge and Stephen M. Watt},
	Date-Added = {2012-03-06 12:54:14 -0500},
	Date-Modified = {2012-03-06 12:56:26 -0500},
	Institution = {IBM Thomas J. Watson Research Center},
	Number = {57573},
	Title = {Infinte structures in SCRATCHPAD II},
	Type = {Research Report RC 12794},
	Year = {1987}}

@article{Buh05,
	Author = {Soren L. Buhl},
	Date-Added = {2012-03-06 12:52:38 -0500},
	Date-Modified = {2012-03-06 12:54:05 -0500},
	Journal = {\verb|www.math.auc.dk/~slb/kurser/software/RCompAlg.pdf|},
	Title = {Some Reflections on Integrating a Computer Algebra System in R},
	Year = {2005}}

@periodical{BT94,
	Author = {R. Brown, A. Tonks},
	Date-Added = {2012-03-06 12:50:43 -0500},
	Date-Modified = {2012-03-06 12:52:32 -0500},
	Journal = {Journal of Symbolic Computation},
	Keywords = {ISSN 0747-7171},
	Pages = {159-179},
	Title = {Calculations with simplicial and cubical groups},
	Volume = {17(2)},
	Year = {Feb 1994}}

@article{Bor00,
	Author = {Jonathan Borwein},
	Date-Added = {2012-03-06 12:47:54 -0500},
	Date-Modified = {2012-03-06 12:50:36 -0500},
	Journal = {Springer-Verlag},
	Keywords = {ISBN 3-540-42450-4},
	Pages = {58},
	Title = {Multimedia tools for communicating mathematics},
	Year = {2000}}

@article{BS94,
	Author = {T. Beneke, W. Schwippert},
	Date-Added = {2012-03-06 12:45:51 -0500},
	Date-Modified = {2012-03-06 12:47:47 -0500},
	Journal = {Electronik},
	Keywords = {ISSN 0013-5658},
	Month = {July},
	Number = {15},
	Pages = {107-110},
	Title = {Double-track into the future: MathCAS will gain new users with Standard and Plus versions},
	Volume = {43},
	Year = {1994}}

@article{Bru09,
	Author = {J. C. Brunelli},
	Date-Added = {2012-03-06 12:41:03 -0500},
	Date-Modified = {2012-03-06 12:43:25 -0500},
	Journal = {\verb|arxiv.org/PS_cache/nlin/pdf/0408/0408058v1.pdf|},
	Title = {Streams and Lazy Evaluation Applied to Integrable Models},
	Year = {1998}}

@periodical{hitz04,
	Author = {Markus A. Hitz},
	Date-Added = {2012-03-06 11:31:34 -0500},
	Date-Modified = {2012-03-06 11:33:55 -0500},
	Journal = {ISSAC 2004},
	Keywords = {\verb|www.sigsam.org/issac/2004/poster-abstracts/abstract13.pdf|},
	Title = {Aspect-Oriented Programming in the Design of Computer Algebra Libraries},
	Year = {2004}}

@periodical{Daly02b,
	Author = {Timothy Daly},
	Date-Added = {2012-03-06 11:27:56 -0500},
	Date-Modified = {2012-03-06 11:29:06 -0500},
	Journal = {SIGSAM Bulletin},
	Keywords = {\verb|www.sigsam.org/cca/issues/issue139.html|},
	Pages = {28},
	Title = {Axiom as Open Source},
	Volume = {36(1) Issue 139},
	Year = {March 2002}}

@periodical{Daly02a,
	Author = {Timothy Daly},
	Date-Added = {2012-03-06 11:26:35 -0500},
	Date-Modified = {2012-03-06 11:29:08 -0500},
	Journal = {SIGSAM Bulletin},
	Keywords = {\verb|www.sigsam.org/cca/issues/issue139.html|},
	Pages = {24},
	Title = {Open Source Workshop},
	Volume = {36(1) Issue 139},
	Year = {March 2002}}

@periodical{Bau04,
	Author = {Gilbert Baumslag},
	Date-Added = {2012-03-06 11:21:42 -0500},
	Date-Modified = {2012-03-06 11:24:33 -0500},
	Howpublished = {\verb|www.sigsam.org/cca/issues/issue150.html|},
	Journal = {SIGSAM Bulletin},
	Keywords = {CCNY conference, Chair: Tim Daly},
	Pages = {134},
	Title = {Axiom Conference},
	Volume = {30(4) Issue 150},
	Year = {2004}}

@misc{Vol07,
	Author = {Emil Volcheck},
	Date-Added = {2012-03-06 11:15:10 -0500},
	Date-Modified = {2012-03-06 11:20:32 -0500},
	Howpublished = {\verb|www.sigsam.org/reports/officers/AGM/2007/Past_Chair_Report_2007.pdf|},
	Month = {August},
	Title = {Chair's Report 2006-2007},
	Year = {2007}}

@misc{acm12,
	Date-Added = {2012-03-06 11:09:42 -0500},
	Date-Modified = {2012-03-06 11:10:35 -0500},
	Howpublished = {\verb|www.sigsam.org/software/index.phtml|},
	Title = {Computer Algebra Software},
	Year = {2012}}

@misc{jor03,
	Author = {Joris van der Hoeven},
	Date-Added = {2012-03-06 10:59:48 -0500},
	Date-Modified = {2012-03-06 11:08:37 -0500},
	Howpublished = {\verb|www.sigsam.org/issac/2003/Software/Hoeven.pdf|},
	Title = {GNU TeXmacs},
	Year = {2003}}

@proceedings{issac07,
	Address = {New York, NY 10036 USA},
	Date-Added = {2012-03-06 10:52:52 -0500},
	Date-Modified = {2012-03-06 10:53:57 -0500},
	Keywords = {ISBN 978-1-59593-743-8 DOI 10.1145/1277548.1277595},
	Organization = {Association for Computing Machinery},
	Publisher = {ACM Press},
	Title = {International Symposium on Symbolic and Algebraic Computation},
	Year = {2007}}

@inproceedings{SRJ07,
	Author = {Jacob Smith, Gabriel Dos Reis, Jaakko Jarvi},
	Booktitle = {International Symposium on Symbolic and Algebraic Computation},
	Date-Added = {2012-03-06 10:47:59 -0500},
	Date-Modified = {2012-03-06 10:54:03 -0500},
	Keywords = {ISBN 978-1-59593-743-8 DOI 10.1145/1277548.1277595},
	Organization = {Association for Computing Machinery},
	Pages = {347-354},
	Publisher = {ACM Press},
	Title = {Algorithmic differentiation in Axiom},
	Year = {2007}}

@inproceedings{BS93,
	Address = {\verb|www.acm.org/pubs/citations/proceedings/issac/164081/p157-bronstein|},
	Author = {Manuel Bronstein},
	Booktitle = {International Symposium on Symbolic and Algebraic Computation},
	Date-Added = {2012-03-06 10:35:17 -0500},
	Date-Modified = {2012-03-06 10:47:20 -0500},
	Editor = {Manuel Bronstein},
	Keywords = {ISBN 0-89791-604-2 LCCN QA76.95.I95 1993 ACM order number 505930},
	Month = {July 6-8},
	Organization = {Association for Computing Machinery},
	Pages = {157-160},
	Publisher = {ACM Press},
	Title = {Full partial fraction decomposition of rational functions},
	Year = {1993}}

@proceedings{Bro93,
	Address = {New York, NY 10036 USA},
	Date-Added = {2012-03-06 10:33:00 -0500},
	Date-Modified = {2012-03-06 10:35:18 -0500},
	Editor = {Manuel Bronstein},
	Keywords = {ISBN 0-89791-604-2 LCCN QA76.95.I95 1993 ACM order number 505930},
	Month = {July 6-8},
	Organization = {Association for Computing Machinery},
	Publisher = {ACM Press},
	Title = {International Symposium on Symbolic and Algebraic Computation},
	Year = {1993}}

@inproceedings{DGT91,
	Address = {New York, NY 10036 USA},
	Author = {James H. Davenport, P. Gianni, Barry M. Trager},
	Booktitle = {International Symposium on Symbolic and Algebraic Computation},
	Date-Added = {2012-03-06 10:27:52 -0500},
	Date-Modified = {2012-03-06 10:30:40 -0500},
	Editor = {Stephen M. Watt},
	Keywords = {ISBN 0-89791-437-6 LCCN QA76.95.I59 1991 Axiom Technical Report ATR/2 NAG Ltd, Oxford 1992},
	Month = {July 15-17},
	Organization = {Association for Computing Machinery},
	Pages = {32-38},
	Publisher = {ACM Press},
	Title = {Scratchpad's view of algebra II: A categorical view of factorization},
	Year = {1991}}

@inproceedings{Bur91,
	Address = {New York, NY 10036 USA},
	Author = {William H. Burge},
	Booktitle = {International Symposium on Symbolic and Algebraic Computation},
	Date-Added = {2012-03-06 10:25:51 -0500},
	Date-Modified = {2012-03-06 10:27:38 -0500},
	Editor = {Stephen M. Watt},
	Keywords = {ISBN 0-89791-437-6 LCCN QA76.95.I59 1991},
	Month = {July 15-17},
	Organization = {Association for Computing Machinery},
	Pages = {189-190},
	Title = {Scratchpad and the Rogers-Ramanujan identities},
	Year = {1991}}

@inproceedings{Bro91,
	Address = {New York, NY 10036 USA},
	Author = {Manuel Bronstein},
	Booktitle = {International Symposium on Symbolic and Algebraic Computation},
	Date-Added = {2012-03-06 10:23:00 -0500},
	Date-Modified = {2012-03-06 10:25:38 -0500},
	Editor = {Stephen M. Watt},
	Keywords = {ISBN 0-89791-437-6 LCCN QA76.95.I59 1991},
	Month = {July 15-17},
	Organization = {Association for Computing Machinery},
	Pages = {241-246},
	Publisher = {ACM Press},
	Title = {The Risch differential equation on an algebraic curve},
	Year = {1991}}

@proceedings{Wat91,
	Address = {New York, NY 10036 USA},
	Date-Added = {2012-03-06 10:21:13 -0500},
	Date-Modified = {2012-03-06 10:30:56 -0500},
	Editor = {Stephen M. Watt},
	Keywords = {ISBN 0-89791-437-6 LCCN QA76.95.I59 1991},
	Month = {July 15-17},
	Organization = {Association for Computing Machinery},
	Publisher = {ACM Press},
	Title = {International Symposium on Symbolic and Algebraic Computation},
	Year = {1991}}

@periodical{Bro89,
	Author = {Manuel Bronstein},
	Date-Added = {2012-03-06 10:19:02 -0500},
	Date-Modified = {2012-03-06 10:20:41 -0500},
	Journal = {ACM},
	Keywords = {ISBN 0-89791-325-6 LCCN QA76.95.I59 1989},
	Pages = {207-211},
	Title = {Simplification of real elementary functions},
	Year = {1989}}

@periodical{Bou95,
	Author = {J. L. Boulanger},
	Date-Added = {2012-03-06 10:17:25 -0500},
	Date-Modified = {2012-03-06 10:18:55 -0500},
	Journal = {ACM SIGPLAN Notices},
	Keywords = {ISSN 0362-1340},
	Pages = {33-41},
	Title = {Object oriented method for Axiom},
	Volume = {30(2)},
	Year = {Feb 1995}}

@periodical{Boe89,
	Author = {Hans-J. Boehm},
	Date-Added = {2012-03-06 10:13:39 -0500},
	Date-Modified = {2012-03-06 10:16:34 -0500},
	Journal = {ACM SIGPLAN Notices},
	Keywords = {\verb|www.acm.org/pubs/citations/proceedings/pldi/73141/p192-boehm|},
	Pages = {192-206},
	Title = {Type inference in the presence of type abstraction},
	Volume = {24(7)},
	Year = {1989}}

@inproceedings{BGDW95,
	Address = {\verb|www.acm.org/pubs/citations/proceedings/issac/220346/p77-broadbery|},
	Author = {Peter Broadbery, Teresa G{\'o}mez-D{\'i}az, Stephen M. Watt},
	Booktitle = {International Symposium on Symbolic and Algebraic Computation},
	Date-Added = {2012-03-06 10:08:47 -0500},
	Date-Modified = {2012-03-06 10:12:59 -0500},
	Editor = {A. H. M. Levelt},
	Keywords = {ISBN 0-89791-699-9 LCCN QA76.95 I59 1995 ACM Order Number 505950},
	Month = {July 10-12},
	Organization = {Association for Computing Machinery},
	Pages = {77-84},
	Publisher = {ACM Press},
	Title = {On the implementation of dynamic evaluation},
	Year = {1995}}

@proceedings{Lev95,
	Address = {Montreal, Canada},
	Date-Added = {2012-03-06 10:06:22 -0500},
	Date-Modified = {2012-03-06 10:12:41 -0500},
	Editor = {A. H. M. Levelt},
	Keywords = {ISBN 0-89791-699-9 LCCN QA76.95 I59 1995 ACM Order Number 505950},
	Month = {July 10-12},
	Organization = {Association for Computing Machinery},
	Publisher = {ACM Press},
	Title = {International Symposium on Symbolic and Algebraic Computation},
	Year = {1995}}

@proceedings{BC85v2,
	Address = {Berlin, Germany},
	Date-Added = {2012-03-06 10:02:38 -0500},
	Date-Modified = {2012-03-06 10:04:48 -0500},
	Editor = {Bruno Buchberger, Bob F. Caviness},
	Keywords = {ISBN 0-387-15984-3 LLCN QA155.7.E4 E86 1985BC85v2},
	Month = {April 1-3},
	Number = {Vol 2 of 2},
	Organization = {Springer-Verlag},
	Publisher = {Springer-Verlag},
	Title = {European Conference on Computer Algebra},
	Volume = {204},
	Year = {1985}}

@proceedings{BC85v1,
	Address = {Berlin, Germany},
	Date-Added = {2012-03-06 09:59:45 -0500},
	Date-Modified = {2012-03-06 10:04:50 -0500},
	Editor = {Bruno Buchberger, Bob F. Caviness},
	Keywords = {ISBN 0-387-15983-5 LLCN QA155.7.E4 E86 1985BC85v2},
	Month = {April 1-3},
	Number = {Vol 1 of 2},
	Organization = {Springer-Verlag},
	Publisher = {Springer-Verlag},
	Title = {European Conference on Computer Algebra},
	Volume = {204},
	Year = {1985}}

@proceedings{Ano95,
	Date-Added = {2012-03-06 09:57:48 -0500},
	Date-Modified = {2012-03-06 09:59:18 -0500},
	Keywords = {ISSN 0044-2267},
	Number = {75},
	Organization = {GAMM},
	Title = {Zeitschrift f\"ur Angewandte Mathematik und Physik},
	Volume = {2},
	Year = {1995}}

@proceedings{Ano92,
	Date-Added = {2012-03-06 09:55:29 -0500},
	Date-Modified = {2012-03-06 09:57:31 -0500},
	Keywords = {ISSN 0926-5473},
	Organization = {IFIP TC2/WG 2.5 working conference},
	Publisher = {IFIP Transactions},
	Title = {Programming environments for high-level scientific problem solving},
	Year = {1992}}

@proceedings{Ano91,
	Address = {Washington, DC, USA},
	Date-Added = {2012-03-06 09:53:49 -0500},
	Date-Modified = {2012-03-06 09:55:19 -0500},
	Organization = {American Society for Engineering Education},
	Title = {Challenges of a Changing World},
	Volume = {2},
	Year = {1991}}

@inproceedings{And88,
	Address = {Berlin, Germany},
	Author = {George E. Andrews},
	Booktitle = {Trends in Computer Algebra},
	Date-Added = {2012-03-06 09:50:11 -0500},
	Date-Modified = {2012-03-06 09:52:32 -0500},
	Editor = {R. Jan{\ss}en},
	Keywords = {Lecture Notes in Computer Science ISBN 3-540-18928-6 LCCN QA155.7.E4T74 1988},
	Month = {May 19-21},
	Organization = {Springer-Verlag},
	Pages = {158},
	Publisher = {Springer-Verlag},
	Title = {Application of Scratchpad to problems in special functions and combinatorics},
	Volume = {296},
	Year = {1987}}

@proceedings{Jan88,
	Address = {Berlin, Germany},
	Date-Added = {2012-03-06 09:46:59 -0500},
	Date-Modified = {2012-03-06 09:52:34 -0500},
	Editor = {R. Jan{\ss}en},
	Keywords = {Lecture Notes in Computer Science ISBN 3-540-18928-6 LCCN QA155.7.E4T74 1988},
	Month = {May 19-21},
	Organization = {Springer-Verlag},
	Publisher = {Springer-Verlag},
	Title = {Trends in Computer Algebra},
	Volume = {296},
	Year = {1987}}

@inproceedings{And84,
	Address = {Schenectady, NY, USA},
	Author = {George E. Andrews},
	Booktitle = {1984 MACSYMA Users Conference},
	Date-Added = {2012-03-06 09:43:15 -0500},
	Date-Modified = {2012-03-06 09:45:19 -0500},
	Editor = {V. Ellen Golden, M. A. Hussain},
	Month = {July 23-25},
	Organization = {General Electric},
	Pages = {383},
	Publisher = {General Electric},
	Title = {Ramanujan and SCRATCHPAD},
	Year = {1984}}

@proceedings{GH84,
	Address = {Schenectady, NY, USA},
	Date-Added = {2012-03-06 09:40:38 -0500},
	Date-Modified = {2012-03-06 09:42:45 -0500},
	Editor = {V. Ellen Golden, M. A. Hussain},
	Month = {July 23-25},
	Organization = {General Electric},
	Publisher = {General Electric},
	Title = {1984 MACSYMA Users Conference},
	Year = {1984}}

@book{AL94,
	Author = {William W. Adams, Philippe Loustaunau},
	Date-Added = {2012-03-06 09:37:55 -0500},
	Date-Modified = {2012-03-06 09:39:39 -0500},
	Keywords = {ISBN 0-8218-3804-0},
	Publisher = {American Mathematical Society},
	Title = {An Introduction to Gr\"obner Bases},
	Year = {1994}}

@inproceedings{ACS91,
	Address = {Berlin, Germany},
	Author = {D. Augot, P. Charpin, N. Sendrier},
	Booktitle = {International Symposium on Coding Theory and Applications},
	Date-Added = {2012-03-06 09:34:55 -0500},
	Date-Modified = {2012-03-06 09:37:40 -0500},
	Editor = {G. Cohen and P. Charpin},
	Keywords = {ISBN 0-387-54303-1 LCCN QA268.E95 1990},
	Organization = {Springer-Verlag},
	Pages = {65-73},
	Publisher = {Springer-Verlag},
	Title = {The minimum distance of some binary codes via the Newton's identities},
	Year = {1990}}

@proceedings{CC91,
	Address = {Berlin, Germany},
	Date-Added = {2012-03-06 09:31:00 -0500},
	Date-Modified = {2012-03-06 09:34:08 -0500},
	Editor = {G. Cohen and P. Charpin},
	Keywords = {ISBN 0-387-54303-1 LCCN QA268.E95 1990},
	Organization = {Springer-Verlag},
	Publisher = {Springer-Verlag},
	Title = {International Symposium on Coding Theory and Applications},
	Year = {1990}}

@proceedings{ACM94,
	Address = {New York, NY 10036 USA},
	Date-Added = {2012-03-06 09:27:55 -0500},
	Date-Modified = {2012-03-08 12:19:20 -0500},
	Keywords = {ISBN 0-89791-638-7 LCCN QA76.95.I59 1994},
	Organization = {Association for Computing Machinery},
	Publisher = {ACM Press},
	Title = {International Symposium on Symbolic and Algebraic Computation},
	Year = {1994}}

@proceedings{ACM89,
	Address = {New York, NY 10036 USA},
	Date-Added = {2012-03-06 09:19:13 -0500},
	Date-Modified = {2012-03-06 09:34:27 -0500},
	Editor = {ACM},
	Keywords = {ISBN 0-89791-325-6 LCCN QA76.95.I59 1989},
	Organization = {Association for Computing Machinery},
	Publisher = {ACM Press},
	Title = {International Symposium on Symbolic and Algebraic Computation},
	Year = {1989}}
